1776 3214
896 294 960 344 28

223 447 305 491 mis
327 446 570 502 increpatur
590 444 747 499 verbis3
780 449 823 490 et
842 446 994 490 iisdem
1015 444 1193 502 injuriis,
1214 459 1320 501 quas
1342 446 1386 491 in
1407 447 1625 492 absentem

224 517 460 562 immiserat
481 516 684 571 OedipuS,
714 529 844 571 quum
872 517 925 561 ab
947 529 995 561 eo
1017 516 1121 560 Laio
1144 520 1322 561 mortem
1338 517 1531 572 illatam,
1562 532 1626 563 re-

223 602 353 645 gnum
375 601 449 644 per
470 587 726 632 calumniam
747 588 835 642 peti
857 591 920 642 et,
943 592 993 631 ut
1013 588 1174 644 regiam
1197 588 1447 644 dignitatem
1469 588 1625 633 solum-

223 673 306 714 que
332 659 644 714 adipisceretur,
676 658 878 702 Tiresiam
901 662 1143 714 corruptum
1166 671 1259 703 esse
1279 659 1470 714 dixisset,
1501 660 1626 704 vehe-

224 733 388 773 menter
402 728 592 772 irritatur
609 731 651 772 et
666 728 874 787 dementis
890 729 1047 784 incepti
1060 741 1213 774 caussa
1227 729 1484 786 obJurgatur.
1500 731 1625 774 Initio

223 800 393 855 quidem
422 797 732 851 vehementius,
763 802 915 854 postea
941 799 1166 855 tranquille
1195 804 1238 843 et
1267 799 1422 853 leniter
1443 800 1626 845 crimini-

221 870 300 915 bus
330 869 548 925 respondit
578 872 621 913 et
650 869 780 913 talem
811 882 856 913 se
887 869 1084 925 praebuit
1115 870 1269 925 Creon,
1301 873 1348 915 ut
1379 870 1482 915 nihil
1510 871 1624 915 aliud

221 941 303 985 nisi
324 941 591 985 innocentem
614 953 659 984 se
680 953 772 984 esse
793 942 1067 984 asseveraret.
1098 940 1239 985 Nihilo
1262 940 1400 985 minus
1418 941 1623 997 Oedipus,

224 1023 482 1065 quamquam
514 1023 540 1053 a
562 1010 689 1055 choro
711 1010 897 1054 monitus
930 1014 1033 1064 erat,
1063 1014 1112 1054 ut
1143 1011 1401 1066 aequitatem
1433 1015 1476 1055 et
1506 1024 1625 1055 vere-

226 1081 424 1124 cundiam
455 1084 655 1134 servaret,
697 1081 861 1136 injuriis
895 1080 1063 1124 affinem
1101 1081 1295 1135 persequi
1325 1081 1509 1135 perrexit
1548 1095 1625 1125 nec

216 1150 307 1204 jam
340 1149 544 1203 exsilium,
577 1149 651 1193 sed
682 1153 861 1193 mortem
894 1150 932 1193 ei
964 1149 1213 1194 minabatur.
1276 1150 1396 1203 Quod
1434 1153 1521 1195 tam
1562 1151 1624 1194 in—

215 1219 377 1274 J'uriose
399 1219 584 1274 Oedipus
617 1219 824 1262 Tiresiam
846 1221 889 1263 et
911 1219 1135 1263 Creontem
1156 1223 1433 1274 tractaverat,
1465 1221 1507 1264 id
1528 1234 1623 1274 non,

223 1293 270 1333 ut
301 1289 701 1345 Rei-genrothiusw)
739 1288 977 1341 existimat,
1019 1289 1271 1344 principium
1312 1293 1354 1334 et
1386 1290 1502 1346 origo
1534 1303 1622 1334 om-

221 1360 338 1403 nium
370 1360 756 1404 crudelissimorum
788 1360 996 1404 malorum
1019 1373 1121 1414 esse,
1153 1360 1226 1403 sed
1247 1360 1301 1404 ad
1323 1360 1618 1415 explicandum

220 1428 460 1485 argumenti
494 1430 673 1484 exitum,
712 1443 821 1485 quae
859 1431 1130 1486 catastrophe
1161 1434 1355 1485 vocatur,
1395 1432 1622 1476 maximam

224 1500 307 1543 vim
338 1500 494 1544 habere
526 1500 700 1544 videtur.

345 1570 637 1615 Concitatione
668 1571 781 1614 enim
812 1570 962 1625 animi,
1000 1584 1084 1626 qua
1115 1574 1233 1615 actus
1265 1572 1307 1615 in
1339 1575 1477 1615 vatem
1509 1570 1622 1615 iuve-

222 1641 357 1695 hitur,
390 1641 641 1697 injustisque
674 1640 1036 1686 criminationibus
1078 1645 1121 1685 et
1162 1641 1358 1686 conviciis
1399 1655 1495 1686 eum
1525 1655 1620 1697 pro·

222 1715 368 1765 vocat3
413 1715 643 1767 provocato
684 1715 828 1755 autem
859 1712 1020 1756 Tiresia
1051 1711 1202 1765 efficit,
1243 1715 1291 1755 ut
1327 1712 1548 1756 altercatio
1580 1717 1622 1756 et

219 1780 410 1837 jurgium
448 1781 647 1837 deinceps
690 1782 727 1825 ei
770 1781 821 1826 de
853 1782 1003 1826 eadem
1033 1795 1079 1825 re
1111 1772 1206 1826 cu'm
1239 1781 1420 1826 Creonte
1451 1782 1621 1826 oriatur.

222 1852 513 1896 Altercatione
544 1865 690 1895 eorum
722 1855 924 1896 evocatur
951 1852 1132 1907 denique
1162 1851 1273 1897 foras
1301 1852 1485 1906 Iocaste,
1519 1865 1620 1908 qua-

221 1934 316 1966 cum
339 1922 606 1977 colloquutus
629 1922 817 1977 Oedipus
840 1922 894 1966 ad
915 1925 1128 1977 pastorem
1155 1922 1199 1966 in
1217 1922 1332 1979 agris
1353 1920 1619 1966 habitantem

223 1992 521 2035 arcessendum
551 1992 793 2044 adducitur,
825 2005 851 2035 a
872 2005 974 2046 quc,
1006 1996 1229 2047 praesente
1254 1993 1343 2048 jam
1372 1993 1519 2036 nuntio
1542 1993 1621 2036 Co-

221 2062 391 2116 rinthio,
424 2066 594 2118 pastore
625 2062 771 2119 Polybi
803 2062 977 2117 mortui,
1009 2063 1062 2106 de
1093 2063 1253 2119 origine
1284 2075 1363 2107 sua
1394 2063 1619 2107 accuratis-

221 2133 327 2175 sime
359 2133 569 2175 edocetur.
632 2132 715 2175 Sed
746 2133 967 2176 redeamus
998 2133 1054 2175 ad
1086 2133 1311 2187 conjugum
1352 2132 1617 2186 colloquium.

220 2201 536 2247 Altercantibus
567 2201 697 2258 igitur
726 2202 881 2246 marito
914 2205 957 2247 et
979 2201 1149 2246 Creonti
1180 2201 1423 2257 supervenit
1451 2201 1617 2246 Iocaste

222 2277 264 2316 et
295 2286 425 2328 quum
467 2276 693 2328 utrumque
732 2274 993 2326 hortaretur,
1031 2276 1079 2316 ut
1115 2273 1352 2317 maledictis
1386 2272 1620 2328 jurgiisque

217 2357 311 2388 sese
351 2343 636 2399 abstinerent,
678 2346 721 2388 et
760 2343 929 2400 reginae
970 2344 1122 2388 chorus
1161 2342 1458 2388 ardentissima
1496 2355 1620 2398 prece

218 2413 412 2458 adhibita
434 2415 728 2468 adsentiretur,
751 2415 937 2470 Oedipus
959 2428 1010 2459 ea
1030 2428 1075 2458 re
1093 2415 1299 2458 adductus
1322 2417 1400 2466 est,
1430 2416 1477 2456 ut
1499 2425 1619 2457 senes

316 2553 360 2598 το)
389 2565 423 2599 p.
451 2553 506 2590 21.
534 2553 697 2600 Oedipus
723 2554 788 2589 hat
812 2554 889 2589 sich
915 2554 1112 2590 moralisch
1139 2565 1371 2600 vei-gangen,
1397 2553 1472 2587 und
1498 2565 1536 2588 er
1556 2554 1618 2588 lei-

218 2611 282 2647 det
305 2611 397 2646 auch
415 2612 627 2655 moralisch,
655 2611 778 2647 indem
798 2622 839 2647 er
856 2612 995 2648 seinem
1014 2612 1213 2658 Schwager
1229 2610 1298 2646 mit
1315 2610 1618 2647 Selbstbewusst-

217 2670 298 2705 sein
331 2670 407 2705 und
433 2670 534 2705 Rene
560 2671 833 2717 entgegentritt
858 2674 924 2707 etc.
951 2671 993 2706 cs.
1021 2683 1056 2718 p.
1085 2671 1138 2706 12.
1189 2670 1267 2706 Wir
1299 2670 1509 2716 iibergehen
1541 2669 1618 2705 An-

216 2728 325 2764 ‹leres
351 2728 428 2763 und
454 2729 609 2764 wenden
635 2741 704 2765 uns
730 2742 806 2765 nun
832 2729 978 2765 endlich
1004 2741 1049 2764 zu
1073 2728 1157 2764 dem
1182 2727 1396 2764 Benehmen
1422 2728 1486 2763 des
1508 2727 1618 2763 Oedi-

216 2798 285 2833 pus
311 2797 431 2833 gegen
458 2786 616 2823 Tiresias
641 2788 716 2823 und
743 2788 882 2824 Kreon.
920 2787 1011 2823 Hier
1035 2786 1159 2823 finden
1186 2787 1276 2823 auch
1304 2787 1370 2822 wir
1396 2786 1455 2822 die
1480 2786 1617 2822 Schuld

217 2846 281 2882 des
307 2845 454 2882 Helden
480 2848 548 2882 etc.
