1776 3214
850 253 911 300 21

140 442 142 444 ,
189 401 345 448 cundia
376 406 420 446 et
457 402 676 457 snperbia,
724 402 879 458 quibus
921 402 1144 459 affectibus
1184 404 1437 459 plerumque
1469 402 1581 445 lace-

186 475 362 519 rabatur
393 476 437 516 et
466 470 726 526 rapiebatur,
758 486 852 516 eam
883 472 1134 527 perdiderit.

304 533 493 593 Cruento
536 533 727 585 facinore
772 545 1018 597 perpetrato
1060 543 1267 598 Oedipus,
1314 544 1436 598 quasi
1477 543 1582 587 nihil

187 613 423 665 accidisset,
469 611 586 655 velut
625 611 762 655 viator
799 612 1018 666 innocens,
1066 626 1239 657 securus
1278 614 1339 656 ire
1383 614 1580 668 perrexit,

190 684 298 729 adiit
328 682 510 736 Thebas,
541 681 735 726 liberavit
765 682 913 726 urbem
944 682 1185 739 aenigmate
1216 683 1352 727 soluto
1383 697 1409 728 a
1439 683 1579 729 funes-

188 755 351 799 tissima
381 754 560 809 sphinge
576 753 629 809 ⁵4)
661 757 704 796 et
735 753 899 808 accepit
928 755 1164 797 mercedem
1197 754 1354 809 egregii
1383 753 1579 798 facinoris

186 824 479 878 constitutam,
516 823 690 868 viduam
722 825 765 867 et
795 823 945 867 solium
976 823 1109 879 regis,
1156 827 1203 867 ut
1243 833 1386 868 omnes
1426 824 1579 868 Thebis

187 897 447 949 compertum
477 893 645 947 habent,
677 892 898 938 interfecti.
1427 910 1429 912 ·

303 964 400 1009 Jam
433 962 642 1018 Oedipus,
682 960 852 1008 Iocaste
881 963 1144 1019 populusque
1174 963 1399 1009 Thebanus
1438 964 1580 1008 incon-

187 1036 371 1092 siderate
413 1038 455 1078 et
492 1034 779 1088 imprudenter
824 1038 998 1088 agentes
1046 1034 1216 1088 saepius
1261 1037 1426 1077 sanctas
1463 1034 1578 1089 leges

185 1108 379 1150 aeternas
411 1104 683 1149 violaverant.
726 1103 887 1159 Oedipo
920 1104 1031 1149 enim
1062 1104 1196 1149 atroci
1216 1103 1403 1149 facinore
1435 1117 1578 1149 macu-

185 1176 272 1219 lato
319 1179 362 1218 et
407 1174 715 1229 contaminato,
762 1178 991 1229 antequam
1037 1174 1154 1218 nefas
1206 1178 1419 1230 purgaret,
1471 1188 1579 1229 quae

187 1246 443 1290 Graecorum
475 1248 568 1289 erat
608 1244 760 1299 opini0‚
792 1244 967 1300 quodvis
1001 1245 1297 1289 commercium
1328 1248 1421 1289 erat
1450 1245 1579 1289 inter-

185 1316 341 1360 dictum
392 1328 469 1359 nec
505 1315 600 1359 ullis
636 1315 816 1371 negotiis
851 1315 1054 1359 interesse
1099 1315 1229 1359 licuit.
1296 1315 1578 1368 Quamobrem

186 1385 365 1430 terribili
406 1386 621 1441 praedicto
677 1385 822 1430 audito
862 1385 1080 1430 mulierem
1123 1389 1264 1430 aetate
1311 1385 1579 1442 grandiorem

185 1469 360 1511 eamque
406 1456 574 1500 viduam
621 1456 665 1500 in
711 1456 1027 1500 matrimonium
1072 1456 1226 1500 ducere
1263 1469 1347 1500 non
1378 1456 1577 1509 debebat3

184 1526 402 1581 quoniam,
435 1527 470 1570 si
502 1526 673 1570 auribus
703 1540 787 1571 non
817 1526 995 1581 aversis,
1035 1530 1081 1571 ut
1111 1539 1258 1571 vocem
1290 1526 1475 1570 divinam
1506 1526 1578 1571 ob-

184 1597 341 1640 servari
373 1597 535 1650 decuit,
568 1597 789 1641 oraculum
811 1597 1060 1651 accepisset,
1092 1610 1177 1640 non
1208 1597 1343 1640 solum
1364 1596 1449 1640 tale
1480 1608 1577 1640 con-

179 1667 342 1723 jugium
394 1667 467 1712 s'ed
518 1667 735 1722 quodlibet
784 1667 1120 1722 matrimonium,
1172 1671 1219 1711 ut
1260 1666 1401 1722 nefas,
1446 1666 1577 1712 refor-

184 1738 395 1782 midasset.
425 1735 429 1737 ’
469 1739 732 1793 Bergenroth
750 1738 803 1794 ⁵⁵)
849 1739 1018 1793 quidem
1060 1739 1176 1782 nulla
1219 1751 1357 1793 poena
1403 1738 1576 1793 dignum

185 1808 391 1863 Oedipum
436 1812 579 1864 putat,
626 1810 737 1864 quod
799 1809 1067 1854 matrimonio
1129 1821 1270 1854 secum
1315 1809 1577 1864 conjunxerit

183 1878 398 1932 Iocasten,
457 1882 500 1922 et
550 1879 627 1922 soli
677 1879 848 1934 reginae
897 1880 1062 1934 culpam
1112 1878 1423 1922 attribuendam
1484 1891 1577 1922 esse

188 1952 341 1993 censet.
414 1948 498 1992 Sed
543 1949 699 2003 rectius
760 1950 812 1994 de
862 1962 914 1993 ea
957 1962 1004 1993 re
1041 1948 1320 2002 Petersiusw)
1360 1948 1577 2004 judicasse

183 2017 285 2062 mihi
332 2018 514 2072 videtur,
567 2019 658 2074 qui,
721 2019 847 2075 „qiud
891 2020 1043 2074 levius,
1080 2017 1263 2075 inquit}
1295 2031 1421 2073 quam
1478 2031 1575 2062 con-

276 2158 322 2205 5⁴)
349 2158 458 2195 Unde
482 2158 573 2194 illud
597 2159 732 2194 malum
758 2158 903 2195 Thebas
928 2158 1124 2202 invaserit,
1152 2157 1351 2205 Sophocles
1376 2157 1576 2194 memoriae

182 2228 254 2252 non
280 2218 486 2259 mandavit3
526 2217 726 2263 antiquitus
760 2220 910 2263 accepta
941 2220 1021 2252 erat
1045 2217 1178 2253 fabula.
1227 2216 1283 2251 De
1308 2216 1515 2262 aenigmate
1541 2229 1575 2251 v.

182 2274 413 2309 Athenaeum
438 2275 485 2310 X.
512 2286 546 2321 p.
573 2274 651 2309 456.
677 2275 720 2310 B.
759 2273 836 2308 ἔστι
862 2274 988 2308 δίπουν
1026 2274 1198 2321 Apollod.
1232 2273 1327 2309 Bibl.
1361 2274 1442 2318 111„
1476 2274 1509 2317 5,
1543 2273 1575 2308 7.

182 2332 322 2368 Solutio
350 2333 407 2368 vel
432 2333 641 2379 conjectura
667 2332 797 2379 Oedipi
823 2332 990 2368 versibus
1017 2343 1190 2378 expressa
1215 2343 1359 2377 quoque
1384 2336 1572 2379 superest:

182 2388 285 2424 κλῦθι
311 2390 367 2425 καὶ
394 2392 458 2424 οὐκ
485 2389 668 2424 ἐθέλουσα
694 2393 761 2426 etc.
792 2390 844 2426 Of.
872 2390 1098 2425 Schneidew.
1124 2389 1220 2424 Einl.
1254 2402 1283 2424 z.
1309 2389 1351 2424 Ο.
1378 2390 1417 2424 Τ.
1469 2390 1575 2433 Quod

181 2447 343 2495 Oedipus
368 2460 491 2485 coram
517 2451 602 2484 vate
628 2449 675 2494 (v.
695 2448 761 2484 391
781 2448 878 2495 sqq.)
904 2448 1125 2484 solutionem
1146 2447 1364 2494 aenigmatis
1384 2448 1574 2495 jactasset,

182 2511 379 2554 propterea
404 2520 478 2545 non
502 2508 688 2545 immerito
712 2509 750 2543 in
776 2508 1085 2555 vituperationem
1119 2507 1293 2543 cecidisse
1319 2508 1478 2544 videtur.
1528 2509 1575 2545 V,

180 2565 397 2612 Hagemann
424 2579 458 2614 p.
488 2566 539 2603 19.

274 2626 321 2671 ⁵⁵)
347 2626 524 2673 Bergenr.
550 2637 584 2673 p.
604 2625 635 2661 9.
659 2644 703 2651 --
722 2625 814 2660 Dass
842 2636 881 2661 er
906 2625 984 2660 sich
1008 2636 1051 2660 zu
1078 2624 1197 2660 dieser
1224 2625 1290 2671 (sc.
1317 2625 1575 2672 vei-hiingniss-

180 2681 301 2717 vollen
319 2683 417 2732 Ehe)
437 2684 698 2720 eutschliessen
716 2684 866 2729 konnte,
892 2684 1016 2720 finden
1038 2684 1105 2720 wir
1124 2684 1305 2721 durehaus
1323 2684 1425 2722 nicht
1443 2684 1574 2729 „straf-

180 2741 354 2788 wiirdig.“

273 2800 319 2847 56)
345 2801 498 2849 Hagem.
525 2813 559 2849 p.
589 2802 641 2838 18.
