1776 3214
897 229 962 277 20

227 379 397 434 quidem
420 376 465 419 ἐν
495 376 642 435 σχιστῇ
677 376 1076 435 &qd-‘commissum
1106 392 1184 434 per
1214 392 1261 423 se
1282 391 1367 422 non
1390 383 1456 423 est
1479 379 1625 423 nefan-

226 450 348 502 dum,
393 447 508 503 quod
548 447 795 502 lacessitus,
843 462 973 505 quum
1006 451 1049 493 et
1089 446 1239 504 auriga
1280 445 1379 492 Laii
1417 452 1461 493 et
1490 447 1625 494 Laius

224 520 320 574 ipse
351 530 448 561 eum
479 520 676 572 peterent
706 530 942 573 manusque
974 519 1013 561 ei
1044 517 1273 572 inferrent,
1315 518 1358 561 in
1399 518 1626 562 discrimen

224 589 339 633 vitae
393 585 512 632 venit
560 598 742 643 eamque
775 587 979 632 defendit.
994 591 1046 640 ⁵²)
1134 585 1225 632 Sed
1271 588 1314 632 id
1352 586 1623 643 potissimum

225 659 390 714 Oedipo
437 657 602 701 crimini
642 660 709 701 est
741 659 951 714 dandum,
985 659 1120 714 quod,
1152 671 1282 713 quum
1321 657 1494 715 cognita
1524 671 1627 703 voce

226 729 371 775 divina
388 742 414 773 a
429 727 674 773 temeritate
700 731 743 772 et
764 729 968 774 violentia
990 742 1139 785 cavere
1171 742 1269 773 eum
1299 742 1477 774 necesse
1500 733 1625 784 esset,

224 800 385 855 injusta
415 799 482 842 ira
512 797 823 853 inflammatus,
856 799 998 855 qualis
1030 800 1203 855 saepius
1229 800 1273 843 in
1297 799 1463 855 fabula,
1496 813 1625 856 quum

226 871 266 914 ei
305 868 461 924 aliquis
492 868 766 922 adversetur,
815 870 1109 923 excandescit,
1160 883 1245 914 non
1282 871 1407 924 paria
1447 869 1625 925 paribus

225 940 458 994 retulit,⁵³)
505 939 583 981 sed
631 940 850 982 dominum
898 952 993 983 cum
1039 938 1210 983 famulis
1252 941 1449 984 omnibus
1489 944 1627 984 morte

223 1007 464 1063 mulctavit,
495 1022 580 1052 uno
613 1013 802 1065 excepto,
836 1010 908 1066 qui
941 1008 1148 1066 effugerat
1174 1012 1217 1054 et
1238 1008 1410 1065 Thebis,
1432 1014 1480 1054 ut
1500 1010 1625 1067 fugae

222 1078 503 1137 ignominiam
542 1080 797 1133 depelleret,
845 1092 1062 1123 rumorem
1103 1079 1388 1135 disperserat,
1435 1081 1623 1125 latrones

223 1152 267 1194 in
297 1162 444 1205 regem
476 1149 655 1204 ejusque
688 1152 904 1193 catervam
935 1150 1143 1205 impetum
1175 1150 1329 1194 fecisse
1362 1154 1405 1194 et
1435 1150 1624 1207 reliquos

224 1233 372 1265 omnes
403 1232 595 1274 necasse.
643 1220 960 1275 SubJ‘ungamus
993 1220 1073 1273 hic,
1106 1219 1259 1263 Laium
1292 1233 1460 1276 quoque
1492 1221 1624 1265 vitam

222 1304 308 1335 non
339 1287 538 1333 amittere
569 1287 756 1333 terribili
795 1290 980 1333 numinis
1018 1290 1164 1346 injusti
1192 1290 1335 1346 jussu;
1382 1304 1511 1346 quum
1543 1292 1627 1335 ira-

319 1431 366 1476 52)
394 1428 467 1464 OC.
493 1428 574 1464 240.
601 1428 668 1464 266
694 1440 773 1474 sqq.
799 1429 867 1464 992
885 1441 964 1476 sqq.
991 1429 1173 1476 Oedipum
1199 1430 1356 1476 probata
1381 1430 1462 1476 lege
1479 1430 1626 1466 Rhada-

223 1488 340 1525 manti
365 1489 564 1534 purgatum
589 1487 701 1523 fuisse
735 1487 968 1523 demonstrat
993 1488 1251 1524 Schneidewin
1288 1488 1380 1532 „Die
1413 1489 1509 1535 Sage
1541 1501 1625 1525 vom

223 1548 411 1594 Oedipus“
438 1545 652 1590 Giittingen.
675 1544 774 1580 1852.
794 1544 859 1591 (V.
879 1545 985 1581 Band
1004 1546 1070 1581 der
1086 1546 1386 1593 Abhandlungen
1405 1547 1471 1583 der
1487 1547 1625 1592 konigl.

224 1605 470 1642 Gesellschaft
495 1604 562 1638 der
587 1603 931 1650 wissenschaften.)
957 1617 991 1650 p.
1018 1604 1074 1640 52.
1101 1604 1153 1639 Of.
1180 1615 1273 1650 quae
1297 1605 1396 1639 idem
1422 1606 1469 1640 ad
1494 1618 1528 1641 v.
1547 1606 1626 1641 547.

221 1665 295 1701 OG,
327 1663 426 1710 νόμῳ
452 1661 622 1707 καθαρὸς
645 1659 770 1707 ἄιδρις
794 1661 850 1700 εἷς
874 1659 954 1695 τόδ’
984 1661 1099 1708 ἦλθον
1126 1662 1230 1699 dixit.
1280 1663 1481 1710 Sophocles
1515 1675 1626 1711 supra

221 1723 382 1759 laudatis
407 1721 498 1757 locis
531 1720 610 1767 ipse
637 1720 819 1767 Oedipum
853 1721 997 1767 culpam
1023 1721 1122 1756 necis
1157 1733 1178 1756 a
1210 1732 1249 1756 se
1284 1722 1543 1758 demoventem
1571 1724 1626 1758 in-

222 1782 333 1817 ducit.
385 1780 438 1814 Of.
463 1778 591 1825 Eurip.
618 1778 757 1813 Phoen.
784 1790 818 1813 v.
844 1777 888 1812 39
915 1790 993 1824 sqq.
1019 1779 1255 1825 Hagemaun,
1283 1780 1352 1823 „de
1377 1780 1453 1816 fato
1480 1781 1624 1828 Sopho-

222 1842 324 1877 cleo“
348 1839 415 1882 IL,
442 1850 466 1885 p
508 1837 560 1872 18.
611 1837 749 1872 Tamen
774 1847 926 1883 prorsus
952 1836 1185 1874 innocentem
1218 1850 1264 1873 ne
1291 1839 1513 1874 Aristoteles
1547 1840 1625 1885 qui-

223 1900 307 1934 dem
334 1909 418 1933 eum
449 1896 561 1931 fuisse
587 1895 739 1931 censuit.
777 1895 893 1940 (poet.
930 1894 982 1929 13.
1010 1907 1045 1941 p.
1074 1895 1194 1941 1354.)
1245 1896 1364 1938 Quare
1390 1896 1623 1932 Thierschius

224 1966 368 1992 errasse
394 1954 552 1996 videtur,
579 1964 691 1998 quum
717 1952 853 1987 dixerit
879 1965 912 1999 p.
942 1952 1026 1988 133:
1054 1953 1240 2000 „Oedipus
1266 1955 1315 1989 ist
1332 1954 1435 1990 nicht
1451 1956 1530 1990 rein
1549 1958 1622 1990 tra-

222 2015 337 2061 gisch,
363 2013 432 2049 wie
451 2011 674 2048 Aristoteles
694 2011 766 2046 den
782 2010 930 2046 Helden
947 2011 1068 2047 haben
1086 2012 1176 2055 will;
1204 2024 1244 2049 er
1261 2013 1310 2049 ist
1327 2012 1430 2048 nicht
1447 2013 1623 2055 schleeht,

223 2074 292 2109 wie
318 2083 359 2107 er
384 2071 501 2106 selbst
526 2069 638 2111 fiihlt;
677 2081 717 2104 er
750 2070 799 2105 ist
833 2072 916 2115 gut,
955 2069 1014 2104 ein
1046 2071 1369 2116 ausgezeichneter
1402 2071 1554 2107 Menseh
1587 2072 1625 2107 in

217 2131 325 2178 jeder
349 2127 533 2164 Hinsieht.
583 2127 658 2161 Das
692 2127 858 2163 Schiksal
885 2127 1094 2162 vernichtet
1126 2128 1189 2162 ihn
1216 2141 1303 2172 nur,
1337 2129 1419 2164 weil
1451 2129 1515 2163 ihn
1547 2130 1626 2165 sein

222 2190 343 2225 Vater
368 2199 488 2234 gegen
513 2186 578 2221 das
605 2185 772 2221 Schiksal
798 2189 970 2232 gezeugt,
1004 2185 1121 2222 wofiir
1146 2197 1187 2222 er
1220 2186 1314 2223 doch
1346 2187 1466 2223 nichts
1491 2188 1625 2224 kann.“

224 2247 402 2283 Similiter
428 2246 474 2280 de
498 2244 648 2289 ingenio
675 2244 870 2289 animoque
889 2244 1021 2290 Oedipi
1040 2245 1224 2290 judicavit
1241 2245 1512 2290 Schneidewin,
1539 2246 1625 2281 Ein-

223 2304 325 2350 leitg.
352 2314 434 2338 zum
460 2301 532 2336 OT.
551 2313 587 2347 p.
609 2300 679 2339 1S.:
708 2302 806 2345 „Der
825 2301 1027 2337 Character
1045 2302 1110 2337 des
1136 2301 1443 2348 Sophocleischen
1462 2304 1625 2350 Oedipus

223 2364 272 2398 ist
289 2361 505 2404 fleckenlos,
532 2360 601 2395 wie
626 2360 690 2394 ihn
717 2360 851 2394 einmal
869 2360 926 2395 die
944 2360 1245 2407 Volksdiehtung
1270 2362 1323 2396 als
1340 2361 1503 2407 Beispiel
1526 2362 1625 2396 einos

223 2419 490 2464 unschuldigen
510 2416 642 2462 Opfers
661 2417 724 2452 des
744 2429 903 2463 grausen
920 2417 1217 2463 Vei-hangnisscs
1236 2418 1447 2464 aufgestellt
1466 2419 1568 2454 hatte
1588 2449 1595 2456 .
1617 2447 1624 2454 .

223 2475 560 2514 Leidenschaftlich
585 2475 634 2510 ist
659 2487 699 2510 er
724 2476 936 2521 allerdings,
962 2477 1217 2512 soust'wiirde
1244 2489 1284 2512 er
1309 2476 1416 2511 keine
1442 2477 1625 2523 tragische

223 2537 367 2572 Person
392 2535 481 2571 sein.
531 2534 636 2569 Abcr
660 2534 728 2569 mit
753 2533 899 2569 wuhrer
924 2534 1148 2579 iingstlichcr
1174 2534 1290 2580 Sorge
1314 2534 1408 2569 wird
1433 2535 1510 2570 sein
1537 2535 1625 2570 Aus-

222 2597 382 2630 brausen
409 2604 474 2627 aus
500 2592 607 2627 edlen
633 2592 798 2627 Motiven
824 2592 1036 2637 abgeleitet.
1070 2592 1155 2628 Vid.
1182 2592 1350 2638 denique,
1377 2604 1469 2639 quae
1488 2593 1624 2630 Heine-

222 2664 346 2695 mann,
372 2663 408 2697 p.
428 2650 482 2687 20.
508 2650 553 2684 de
572 2649 699 2685 eadem
719 2661 758 2686 re
776 2650 1089 2695 commemoravit,
1116 2650 1177 2696 qui
1196 2649 1410 2685 Kolsterum
1429 2653 1625 2700 praecipue

223 2711 448 2757 redarguere
473 2712 625 2745 conatus
652 2712 718 2744 est.

318 2770 365 2817 ⁵³)
392 2768 467 2805 ΟΒ.
495 2767 565 2803 810
590 2779 623 2804 v.
651 2769 694 2802 οὐ
720 2769 792 2815 μὴν
819 2767 900 2816 ἴσην
926 2766 964 2815 γ’
995 2768 1126 2805 ἔτισεν.
