1776 3214
210 944 811 1037 -soPHooffls
869 859 1266 1034 <imm
1321 943 1610 1033 REGE

600 1098 1230 1163 COMMENTATIO.

221 1317 327 1389 Vix
356 1346 530 1400 triginta
562 1358 765 1388 annorum
796 1344 1013 1397 praeteriit
1041 1343 1237 1397 spatium,
1277 1356 1328 1386 ex
1358 1356 1441 1398 quo
1473 1344 1613 1387 erudi-

222 1420 479 1464 tissimorum
500 1418 683 1461 virorum
700 1416 1055 1471 disputationibus
1073 1416 1291 1471 divulgata
1313 1420 1356 1460 et
1376 1416 1614 1460 inveterata

222 1489 382 1542 opinio,
428 1500 555 1541 quum
600 1487 642 1529 in
683 1486 833 1529 fabulis
872 1475 1127 1540 tragicorum
1172 1486 1431 1529 Graecorum
1474 1486 1614 1529 omnia

221 1557 310 1601 fato
342 1556 453 1608 fieri,
493 1560 585 1599 tum
616 1555 827 1608 Oedipum
856 1555 1017 1609 Regem
1054 1555 1096 1597 in
1127 1555 1346 1609 tragoedia
1377 1554 1614 1608 Sophoclea

224 1627 278 1670 ab
311 1638 360 1668 eo
394 1625 688 1679 cognominata
719 1624 928 1667 insontem
951 1623 1098 1677 culpae
1118 1636 1254 1677 poena
1275 1622 1385 1666 affici
1417 1624 1613 1678 omnique

221 1695 430 1749 supplicio
481 1693 763 1737 excruciatum
810 1693 1150 1747 indignissimam
1200 1692 1340 1735 subire
1389 1692 1613 1743 fortunam,

223 1763 403 1807 convelli
443 1765 591 1816 coepta
631 1765 698 1805 est
737 1774 786 1804 ac
822 1760 1078 1805 labefactari.
1098 1761 1125 1816 ¹)
1184 1761 1335 1815 Neque
1373 1765 1518 1805 tamen
1553 1762 1615 1805 ita

321 1877 349 1921 ¹)
375 1876 628 1910 Thierschium
653 1875 801 1919 „Ueber
826 1876 891 1910 das
918 1875 1086 1910 Schiksal
1110 1875 1148 1909 in
1167 1875 1238 1910 den
1255 1875 1509 1920 griechischen
1526 1875 1615 1910 Tra-

221 1933 400 1979 goedien“
435 1932 656 1977 (Seebode’s
688 1932 733 1966 N.
765 1931 906 1967 Archiv
939 1932 962 1966 f.
996 1932 1037 1966 P.
1071 1944 1104 1967 u.
1130 1932 1171 1967 P.
1207 1932 1305 1968 1826.
1337 1933 1402 1967 Nr.
1427 1933 1615 1978 XXVII),

188 1991 276 2031 .W.
309 1990 351 2025 Ε.
385 1989 582 2025 Weberum
622 1989 778 2034 (Berlin.
813 1989 1045 2024 Jahrbiicher
1076 1990 1142 2025 der
1167 1990 1443 2025 wissenschaftl.
1475 1990 1613 2025 Kritik.

223 2047 324 2084 1828.
353 2048 523 2093 Januar),
558 2046 802 2092 Sehlegelium
836 2045 1102 2093 (Vorlesungg.
1128 2059 1162 2083 u.
1187 2059 1216 2082 s.
1242 2060 1286 2082 w.
1310 2047 1347 2091 I,
1375 2047 1484 2093 180),
1517 2047 1614 2083 Thu-

221 2106 366 2141 dichum
391 2104 704 2152 (,‚Sophocleisch.
723 2104 880 2151 Tragod.
898 2105 927 2147 I,
946 2104 1080 2151 361.“‚)
1099 2106 1191 2141 alios
1208 2106 1318 2152 primi
1335 2106 1370 2142 J.
1389 2106 1427 2143 G.
1444 2106 1500 2142 W.
1520 2106 1614 2142 Stei-

219 2175 288 2199 ner
306 2164 475 2210 („Ueber
493 2164 551 2198 die
568 2163 656 2198 Idee
674 2162 739 2197 des
757 2162 957 2208 Sophocles
976 2174 1048 2198 von
1066 2163 1132 2198 der
1148 2164 1352 2208 gottlichen
1369 2163 1614 2210 Vorsehung“

220 2221 332 2255 index
354 2221 465 2256 schol.
492 2220 692 2254 Ziillichav.
721 2219 841 2265 1829.)
868 2223 905 2255 et
929 2220 977 2255 K.
1003 2220 1032 2255 Ι.
1058 2220 1257 2256 Hoffmann
1282 2221 1399 2267 (‚,Das
1417 2222 1613 2257 Nichtvor-

220 2278 448 2313 handensein
482 2278 547 2312 der
579 2277 848 2312 Schiksalsidee
881 2278 919 2312 i‘n
945 2278 1011 2312 der
1036 2278 1135 2312 alten
1160 2278 1300 2322 Kunst,
1334 2279 1613 2324 nachgewiesen

222 2348 281 2370 am
318 2335 443 2380 Konig
483 2334 645 2379 Oedipus
679 2334 743 2369 des
777 2334 999 2379 Sophocles*
1035 2335 1156 2380 1832.)
1191 2335 1505 2381 disputationibus
1537 2336 1612 2371 suis

219 2393 387 2427 refellere
420 2391 542 2426 conati
574 2394 670 2426 sunt.
719 2390 794 2425 Eos
827 2391 942 2425 secuti
973 2395 1075 2426 sunt:
1109 2392 1335 2427 Willbrandt
1367 2393 1516 2434 „Ueber
1540 2393 1614 2427 den

221 2449 346 2494 Konig
365 2448 525 2494 Oedipus
544 2448 607 2482 des
625 2447 865 2493 Sophokles.“
882 2447 1046 2483 Rostock
1067 2448 1165 2484 1836.
1203 2450 1262 2484 Fr.
1281 2449 1446 2484 Wiillner
1463 2450 1614 2493 „Ueber

222 2506 292 2541 den
318 2506 444 2552 Konig
469 2503 664 2552 Oedipus.“
703 2504 922 2540 Diisseldorf
945 2504 1043 2541 1840.
1077 2506 1099 2542 i.
1127 2506 1201 2541 sch.
1237 2507 1374 2543 Theod.
1401 2508 1521 2544 Kock.
1548 2508 1613 2545 So-

221 2564 459 2610 phokleische
501 2564 673 2606 Studien,
711 2563 748 2606 I,
780 2563 837 2604 Π,
869 2563 891 2596 i.
924 2564 999 2598 sch.
1041 2563 1172 2598 Guben
1211 2565 1312 2601 1847.
1362 2565 1502 2601 Geffers
1535 2567 1613 2610 „De

221 2620 354 2667 Oedipi
379 2621 573 2667 Sophoclei
597 2621 704 2667 culpa
728 2621 999 2656 commentatio.
1028 2620 1192 2668 Gotting.
1214 2622 1314 2659 1850.
1339 2624 1363 2660 i.
1381 2624 1455 2659 sch.
1494 2624 1613 2660 Leon-

223 2678 316 2713 hard
342 2678 490 2721 „Ueber
515 2678 634 2724 einige
660 2678 805 2713 Punkte
831 2690 895 2713 aus
922 2678 1097 2724 Sophokl.
1117 2679 1225 2725 Trag.
1243 2692 1277 2714 u.
1296 2692 1324 2716 s.
1345 2694 1388 2716 w.
1426 2682 1614 2719 Rottweil.

225 2734 324 2771 1843.
350 2735 372 2770 i.
398 2736 471 2770 sch.
509 2735 556 2772 K.
582 2736 642 2772 Fr.
667 2735 876 2781 Hermann,
903 2735 1121 2781 Schwenck,
1147 2737 1315 2783 Vischer,
1342 2740 1413 2774 alii.

1315 2801 1331 2834 1
