1776 3214
916 263 944 310 3

236 429 308 459 eos
338 412 503 458 induxit
511 411 569 466 2⁵)
618 410 676 453 At
705 423 912 465 nusquam
941 409 1016 454 fati
1047 409 1304 457 mentionem
1334 408 1448 462 fecit,
1479 421 1627 463 quam-

236 497 366 540 quam
403 483 461 525 ad
497 467 755 524 inferendam
797 493 891 523 eam
930 480 1096 534 saepius
1135 479 1298 523 occasio
1338 482 1431 522 erat
1469 476 1626 522 oblata.

235 556 299 599 Eo
330 553 460 609 igitur
479 550 645 595 silentio
674 563 812 593 nonne
832 550 937 592 satis
957 549 1112 592 diserte
1132 549 1371 603 philosophi
1392 550 1627 604 explicatur

235 621 476 668 sententia?
536 618 811 673 Perspicuum
851 618 962 662 enim
1001 622 1081 669 est,
1129 630 1225 661 eum
1265 618 1530 672 intellexisse,
1570 617 1626 661 ad

235 707 325 738 rem
354 692 502 747 ipsam,
539 690 594 733 ad
626 688 868 744 tragoediae
897 692 1092 732 naturam
1123 687 1257 731 fatum
1288 701 1372 732 non
1403 689 1623 743 pertinere,

232 762 499 811 arcessitum,
521 772 604 802 non
626 759 815 801 innatum
837 770 941 809 esse,
966 757 1214 810 praesertim
1234 770 1364 811 quum
1380 771 1433 801 ne
1448 771 1474 800 a
1489 757 1626 812 poetis

236 831 403 887 quidem
435 828 719 874 necessarium
749 826 894 870 haberi
924 839 1059 881 neque
1089 826 1131 869 in
1152 827 1379 882 tragoediis
1410 831 1628 882 praestan-

234 901 411 944 tioribus
432 898 667 941 adhibitum
699 909 790 939 esse
812 896 1089 950 cognovisset.
1131 897 1269 948 Quum
1290 902 1433 940 autem
1463 898 1516 941 de
1536 901 1628 941 arte

234 970 395 1027 tragica
443 966 705 1024 praecipiens
747 965 965 1021 Sophoclis
1008 965 1273 1021 potissimum
1310 965 1492 1020 fabulas,
1535 967 1628 1012 sine

236 1040 426 1094 exemplo
446 1037 772 1093 perfectissimas
792 1036 1019 1090 respiceret
1048 1040 1091 1079 et
1110 1036 1358 1089 intueretur,
1390 1049 1441 1080 ex
1461 1037 1626 1081 silentio

234 1108 474 1153 Aristotelis
504 1106 651 1159 fatum,
683 1106 794 1160 quod
827 1106 881 1149 ad
910 1105 1117 1149 humanas
1146 1119 1214 1150 res
1245 1106 1523 1151 moderandas
1553 1119 1628 1151 va-

233 1179 352 1230 ieret,
388 1178 432 1220 in
462 1176 699 1231 tragoediisv
724 1188 989 1230 nequaquam
1022 1176 1076 1219 ab
1107 1175 1188 1219 hoc
1219 1178 1346 1230 poeta
1377 1176 1628 1219 advocatum

231 1247 362 1291 fuisse
393 1246 638 1300 colligimus.

351 1316 448 1360 Jam
478 1314 631 1367 fatum,
670 1314 782 1369 quod
812 1313 953 1357 omnia
984 1314 1040 1356 ad
1068 1313 1291 1357 arbitrium
1321 1317 1501 1368 statuat,
1541 1314 1627 1358 vim

234 1385 496 1430 necessitatis
538 1383 707 1437 afferat,
747 1384 792 1427 in
829 1383 1067 1427 hominibus
1103 1383 1209 1427 nulli
1249 1384 1401 1438 culpae
1437 1384 1626 1429 obnoxiis

232 1454 546 1509 intercipiendis
575 1453 791 1496 libidinem
821 1452 987 1505 habeat,
1018 1452 1260 1496 movebitne
1290 1453 1427 1508 magis
1460 1457 1625 1508 specta-

234 1528 375 1569 torum
404 1527 577 1576 mentes,
610 1536 735 1578 quam
766 1526 982 1577 grassator
1011 1522 1253 1576 productus,
1282 1522 1356 1577 qui
1388 1536 1439 1567 ex
1464 1523 1626 1568 insidiis

234 1607 427 1637 securum
455 1594 657 1635 viatorem
689 1595 809 1645 petat
839 1591 1228 1645 imprudentemque
1259 1595 1301 1634 et
1329 1592 1532 1636 inermem
1553 1594 1627 1637 ob-

234 1666 419 1714 truncet,
468 1661 679 1716 quamvis,
725 1659 998 1715 quamobrem
1042 1663 1085 1703 et
1127 1673 1210 1715 quo
1248 1661 1425 1705 consilio
1461 1661 1626 1707 facinus

236 1735 359 1775 atrox
389 1734 540 1786 patret,
571 1730 662 1785 ipse
692 1730 898 1773 rationem
929 1729 1007 1773 sibi
1037 1730 1212 1773 reddere
1242 1732 1453 1786 nequeat?
1492 1732 1627 1777 Immo
1664 1767 1672 1776 .

235 1814 355 1854 vero,
397 1801 509 1856 quod
548 1800 771 1844 atrocitate
810 1802 853 1843 et
891 1799 1143 1855 indignitate
1183 1799 1302 1845 facti.
1326 1801 1500 1847 horrore
1529 1815 1627 1858 per-

234 1870 395 1923 fundat,
426 1873 593 1914 tantum
624 1870 744 1913 abest
773 1874 820 1913 ut
851 1870 1092 1924 tragoediae
1123 1870 1178 1925 sit
1209 1876 1550 1926 consentaneum,
1580 1878 1629 1918 ut

233 1939 453 1983 fastidium
487 1939 750 1993 plerumque,
790 1938 1003 1981 interdum
1041 1938 1170 1982 etiam
1208 1939 1338 1983 risum
1379 1946 1546 1986 moveat
1585 1947 1629 1987 et

235 2008 291 2051 ad
316 2008 548 2063 jocularem
585 2007 724 2061 potius
757 2007 1015 2051 comoediam
1053 2021 1352 2064 nonnunquam
1391 2023 1628 2056 accommo-

236 2077 329 2120 dari
359 2090 485 2132 posse
514 2077 717 2120 videatur.

353 2147 485 2198 Quale
515 2147 687 2188 tandem
718 2149 785 2189 est
813 2146 916 2189 illud
935 2146 1070 2190 fatum
1089 2160 1187 2190 vere
1207 2149 1449 2202 tragicum?
1485 2150 1628 2205 Agan-

235 2218 359 2258 turne
388 2214 432 2257 in
462 2213 615 2258 fabulis
651 2228 719 2258 res
756 2214 973 2259 hominum
1003 2216 1330 2260 sceleratorum?
1388 2218 1482 2262 Nisi
1518 2218 1627 2264 forte

234 2282 277 2331 id
315 2295 444 2325 unum
482 2287 524 2325 et
562 2284 697 2325 solum
728 2287 916 2336 spectare
947 2285 1027 2337 vis,
1065 2297 1171 2338 quas
1210 2298 1372 2339 poenas
1409 2287 1510 2330 dent
1549 2300 1626 2342 pro

237 2341 479 2394 criminibus
516 2351 624 2394 suis!
685 2352 841 2395 Verum
890 2352 1087 2396 abhorret
1131 2368 1157 2397 a
1196 2358 1418 2408 poetarum
1462 2357 1627 2401 ratione

235 2421 320 2463 tale
351 2420 600 2474 supplicium
611 2420 658 2474 .⁶)
717 2421 766 2464 In
796 2421 914 2474 poesi
954 2421 1065 2464 enim
1103 2424 1244 2467 omnia
1282 2425 1414 2467 veluti
1451 2425 1627 2469 herbam

235 2501 260 2532 e
298 2490 456 2533 semine
497 2502 687 2534 crescere
726 2502 776 2533 ac
812 2490 1031 2545 provenire
1067 2491 1246 2546 ideoque
1281 2505 1439 2547 poenas
1481 2506 1627 2538 omnes

232 2570 288 2601 ex
307 2558 562 2603 facinoribus
582 2559 695 2613 ipsis,
724 2560 879 2613 quibus
900 2560 993 2614 quis
1014 2564 1229 2603 aeternam
1258 2574 1398 2606 rerum
1419 2563 1627 2607 rationem

330 2717 361 2761 ⁵)
387 2717 543 2753 Aristot.
569 2717 627 2752 ed.
651 2717 757 2752 Imm.
782 2717 949 2755 Beckeri.
990 2718 1030 2754 T.
1056 2719 1105 2755 11.
1131 2720 1178 2755 de
1202 2720 1358 2767 poetica.

328 2774 361 2819 ὅ)
387 2774 503 2811 Arist.
529 2777 628 2821 poet.
653 2787 738 2822 pag.
766 2775 866 2812 1453.
891 2776 915 2812 l.
942 2777 973 2814 1.

1310 2838 1348 2872 1*
