1776 3214
854 269 917 317 33

190 414 242 458 iis
272 414 397 458 rebus
427 415 594 467 edocta,
639 416 732 460 dira
761 418 976 474 praesagit
1010 417 1124 462 mala
1160 422 1204 462 et
1233 417 1428 462 obsecrat
1458 418 1587 462 Oedi-

194 496 314 538 pum,
364 497 418 529 ne
474 485 655 540 amplius
708 486 1001 543 investigaret,
1072 500 1182 543 quae
1235 487 1427 532 laterent.
1502 487 1587 532 Sed

190 554 428 598 vehementi
459 554 670 599 desiderio
701 556 896 600 incensus
929 557 1244 612 cognoscendae
1273 556 1448 612 originis
1479 571 1584 601 suae

186 634 261 667 rex
290 623 334 667 in
365 623 536 668 consilio
575 637 651 668 suo
697 625 901 679 perstitit,
943 629 987 669 et
1026 625 1138 681 quod
1176 638 1321 670 omnes
1364 631 1582 681 suspectos

190 693 487 750 improbosque
547 694 753 746 habebat,
798 699 916 739 ratus
967 695 1160 740 Iocasten
1205 696 1365 751 pudere
1409 696 1581 741 humilis

184 764 329 817 stirpis
361 767 405 807 et
433 765 598 819 generis
629 765 799 808 obscuri
829 765 992 817 mariti,
1029 764 1234 808 violenter
1276 765 1320 808 id
1359 766 1399 809 ei
1430 778 1580 821 expro-

187 832 338 876 bravit.
399 833 491 885 Quo
536 832 648 877 facto
693 833 858 878 Iocaste
895 832 1164 878 acerbissimo
1194 833 1338 878 dolore
1378 848 1581 890 oppressa

183 906 227 945 et
266 901 403 946 fracta
448 903 611 957 Oedipo
657 901 722 943 ἰοὺ
765 900 830 943 ἰοὺ
861 900 1039 959 δύστηνε
1069 902 1264 947 invocato
1294 904 1488 957 secessit,
1518 905 1581 949 ita

184 977 232 1015 ut
264 972 414 1016 chorus
445 985 656 1016 summum
686 971 846 1015 malum
876 970 1030 1015 timere
1060 972 1263 1026 inciperet
1293 977 1337 1016 et
1355 972 1581 1018 vehemen-

188 1046 254 1085 ter
284 1046 627 1086 commoveretur.

296 1111 458 1167 Oedipo
504 1124 623 1164 vero,
668 1111 741 1166 qui
780 1123 865 1155 non
910 1111 1002 1155 sine
1041 1109 1241 1166 superbia
1290 1111 1578 1167 desperationi

178 1181 366 1224 admixta
396 1180 529 1224 filium
550 1181 711 1236 Tyches
741 1194 788 1225 se
812 1186 949 1234 vocat,
980 1181 1032 1235 (v.
1069 1179 1200 1236 1080)
1231 1181 1397 1234 chorus,
1428 1195 1576 1236 quam-

179 1249 242 1295 vis
289 1251 383 1294 aliis
429 1250 620 1295 sensibus
673 1249 935 1305 aliarumque
990 1263 1132 1295 rerum
1183 1263 1287 1295 cura
1344 1255 1574 1306 occupatus

179 1321 430 1364 adsentitur.
476 1321 543 1371 (V.
585 1318 699 1363 1086
716 1344 764 1351 —
787 1319 931 1374 1109.)
990 1320 1165 1364 Interim
1213 1332 1343 1364 senex
1391 1319 1575 1364 famulus

176 1389 269 1432 Laii
300 1390 472 1434 advenit
502 1394 545 1433 et
574 1402 601 1433 a
622 1389 841 1434 Corinthio
871 1393 1044 1444 pastore
1075 1390 1111 1433 is
1141 1389 1400 1445 agnoscitur,
1430 1402 1458 1433 a
1487 1402 1572 1445 quo

175 1458 383 1514 Oedipum
413 1458 617 1503 infantem
648 1459 749 1503 olim
779 1463 1011 1513 acceperat.
1061 1458 1203 1502 Animi
1231 1458 1572 1503 imbecillitatem

173 1528 324 1582 Oedipi
348 1529 439 1583 jam
468 1528 513 1571 in
545 1541 595 1572 eo
626 1529 814 1572 nonnulli
844 1529 1114 1583 castigabant
1143 1532 1188 1571 et
1215 1528 1571 1583 perstringebant,

172 1598 284 1651 quod
320 1598 437 1641 illum
466 1597 671 1641 famulum
701 1611 783 1641 nou
822 1597 970 1642 statim
1000 1597 1055 1653 (v.
1089 1595 1191 1652 118)
1233 1598 1393 1641 arcessi
1427 1597 1569 1653 jussit,

171 1670 220 1710 ut
248 1667 302 1711 de
333 1679 384 1711 ea
413 1680 460 1711 re
491 1671 773 1723 cognosceret.
793 1667 845 1722 ⁷⁹)
890 1667 987 1711 Non
1016 1667 1213 1711 videnmt
1241 1670 1385 1710 autem
1415 1666 1464 1720 ii,
1495 1666 1570 1722 qui

170 1748 264 1779 eam
294 1735 437 1780 fictam
467 1736 675 1780 incuriam
704 1737 809 1780 vitio
841 1737 931 1791 regi
950 1739 1191 1789 verterant,
1222 1735 1428 1779 famulum
1448 1736 1568 1780 illum

169 1804 275 1849 nihil
306 1810 397 1849 tum
428 1807 484 1850 ad
513 1819 603 1850 rem
635 1807 926 1861 explicandam
969 1806 1218 1850 collaturum
1247 1804 1400 1859 fuisse,
1444 1818 1568 1861 prae-

169 1876 316 1918 sertim
347 1876 382 1919 si
414 1876 560 1919 eadem
592 1876 878 1930 repetivisset,
909 1887 1018 1930 quae
1055 1880 1182 1919 antea
1212 1879 1305 1917 erat
1336 1873 1568 1918 confessus.

168 1944 291 1988 Nunc
322 1957 451 1998 quum
482 1958 616 1988 novae
654 1958 722 1988 res
761 1945 805 1988 in
844 1945 982 1988 lucem
1022 1944 1213 1998 prolatae
1259 1948 1401 1987 essent
1431 1948 1476 1987 et
1503 1943 1567 1987 in-

164 2012 277 2056 dicia
307 2012 452 2056 famuli
483 2014 639 2057 mutari
669 2027 794 2068 posse
814 2012 1069 2066 viderentur,
1101 2013 1214 2056 illico
1245 2025 1342 2055 eum
1374 2012 1562 2067 Oedipus

163 2082 394 2126 advocavit.
469 2082 744 2127 Grandaevus
784 2083 855 2127 ille
904 2083 1030 2127 homo
1090 2096 1221 2138 quum
1270 2081 1561 2136 intellexisset,

164 2151 391 2206 Oedipum,
436 2166 562 2208 quem
601 2154 691 2209 jam
735 2154 899 2208 pridem
942 2166 1234 2208 percussorem
1278 2151 1376 2195 Laii
1430 2152 1562 2196 fuisse

166 2222 341 2276 sciebat,
373 2224 463 2280 eJus
495 2236 587 2268 esse
616 2222 760 2278 filium,
792 2236 918 2279 quem
948 2223 1039 2279 ipse
1060 2221 1402 2276 conservavisset
1434 2222 1562 2278 tergi-

163 2294 370 2336 versando
409 2292 677 2346 confessioni,
723 2294 843 2348 quasi
890 2294 1078 2337 cruciatu
1116 2305 1360 2347 expressae,
1397 2305 1560 2336 moram

160 2360 418 2418 quaerebat‚·
463 2363 538 2406 sed
585 2375 715 2417 quum
759 2362 885 2406 nimis
936 2362 1205 2405 vehementer
1249 2366 1471 2417 urgeretur
1515 2366 1560 2405 et

158 2432 359 2487 ambages
405 2432 659 2486 exquirendo
714 2432 993 2486 suspicionem
1053 2431 1226 2475 fallendi
1277 2431 1466 2475 devitare
1513 2435 1558 2475 et

158 2502 447 2558 subterfugere
491 2514 574 2545 non
621 2505 777 2555 posset,
822 2502 984 2554 omnia,
1031 2506 1078 2544 ut
1124 2501 1375 2545 accidissent
1420 2505 1464 2545 et
1508 2514 1557 2546 se

158 2571 381 2625 haberent,
413 2570 750 2615 enucleatissime
780 2571 1002 2614 enarravit.

251 2722 291 2764 ⁷⁹>
318 2722 560 2768 Bergenroth.
587 2734 622 2770 p.
651 2723 703 2757 11.
729 2722 869 2769 optime
891 2722 937 2757 de
963 2733 1006 2756 ea
1030 2732 1070 2756 re
1096 2721 1283 2764 disseruit,
1326 2722 1379 2756 ita
1406 2725 1447 2756 ut
1472 2721 1550 2768 ejus

148 2779 327 2823 judicium
355 2781 391 2814 in
419 2782 730 2816 commentatione
754 2792 836 2816 mea
861 2791 980 2815 meum
1006 2780 1154 2817 fecerim
1180 2784 1218 2814 et
1242 2780 1508 2825 adoptaverim.
