1776 3214
861 220 890 266 8

176 365 325 418 datur,
355 377 440 408 non
471 365 607 407 solum
638 365 793 418 virum,
832 365 905 420 qui
934 364 1065 420 illius,
1112 370 1160 409 ut
1189 367 1439 422 philosopha
1469 381 1574 413 voce

175 437 291 488 utar,
337 433 460 478 ideae
499 434 783 488 patrocinium
827 434 872 478 in
914 433 1059 483 fabula
1106 437 1307 490 suscepit,
1353 439 1575 491 splendore

176 503 305 545 animi
337 506 380 545 et
409 503 523 545 vitae
572 503 775 545 illustrari
807 504 978 559 eJusque
1025 504 1321 549 auctoritatem
1352 506 1574 562 augeri,²⁰)

176 572 253 615 sed
294 572 423 616 etiam
463 585 619 616 numen
670 572 827 627 ipsum,
878 574 1090 628 quamvis,
1137 575 1248 628 quod
1300 574 1412 619 flecti
1457 576 1573 629 nolit,

178 641 455 693 inexorabile,
512 654 705 684 severum
762 646 1015 697 nostraeque
1061 643 1337 686 imbecillitati
1389 645 1574 688 terribile

175 710 323 754 haberi
353 710 505 765 possit,
551 711 614 754 ita
652 715 752 755 ante
783 712 924 756 oculos
961 712 1059 766 poni
1097 717 1140 756 et
1176 712 1359 757 describi
1396 718 1574 768 oportet,

176 783 226 823 ut
255 779 425 833 bonum,
456 781 683 833 prudentia
704 793 755 824 ac
777 782 986 835 sapientia
1006 780 1315 835 perfectissima
1336 784 1574 835 praeditum

175 852 220 892 et
249 849 292 891 in
322 848 416 902 ipsa
445 849 653 892 horrenda
689 849 1036 893 immutabilitate
1080 863 1224 894 amore
1262 854 1306 894 et
1336 851 1451 894 cultu
1481 851 1573 906 dig-

178 931 280 962 num
312 931 405 962 esse
435 918 709 973 videatur.²¹)

291 987 394 1030 Inde
415 987 626 1041 sequitur,
656 990 705 1029 ut
725 987 945 1041 tragoedia
971 1001 1055 1030 non
1087 987 1222 1030 solum
1243 1001 1441 1042 magnam
1472 1001 1571 1032 con-

172 1055 445 1110 junctionem
474 1055 632 1099 habeat
671 1068 766 1099 cum
796 1056 1080 1110 philosophia,
1126 1057 1200 1099 sed
1237 1060 1285 1099 ut
1316 1057 1446 1100 etiam
1478 1070 1574 1100 cum

174 1124 376 1179 religione
423 1131 466 1168 et
517 1125 693 1167 deorum
748 1124 867 1166 cultu
916 1125 1121 1178 implicita
1172 1126 1228 1167 sit
1278 1126 1572 1180 artissimeque

175 1193 411 1237 cohaereat.
451 1193 592 1247 Atque
622 1193 716 1247 quis
748 1195 830 1245 est,
862 1193 935 1247 qui
965 1196 1109 1247 neget,
1141 1193 1287 1236 drama
1314 1194 1573 1237 Graecorum

175 1275 311 1317 aeque
350 1265 479 1317 atque
523 1262 702 1305 aliarum
747 1262 936 1315 gentium
974 1275 1000 1305 a
1039 1263 1155 1306 cultu
1194 1263 1367 1306 deorum
1406 1262 1573 1306 sollem-

172 1331 381 1385 nibusque
419 1331 530 1374 ludis
571 1332 626 1374 ad
671 1331 940 1374 celebrandos
985 1331 1178 1374 laudibus
1218 1332 1321 1375 deos
1366 1332 1572 1375 institutis

174 1404 315 1443 ortum
354 1399 475 1443 esse?
544 1399 695 1442 Nonne
732 1399 776 1441 in
814 1399 1008 1443 omnibus
1048 1400 1308 1444 Graecorum
1345 1401 1571 1456 tragoediis

173 1470 247 1512 illa
292 1469 506 1523 religionis
553 1468 779 1522 principia,
826 1469 1018 1523 quamvis
1069 1469 1230 1512 indoles
1274 1469 1571 1524 ingeniumque

172 1542 325 1593 poetae
357 1542 401 1581 et
430 1538 542 1581 actio
573 1537 665 1590 ipsa
686 1537 821 1580 multa
848 1538 1003 1580 mutari
1028 1538 1220 1592 jusserit,
1258 1537 1572 1592 religiosissime

173 1608 364 1651 videmus
396 1606 676 1650 conservata?
724 1606 875 1649 Nonne
906 1615 999 1648 eam
1021 1606 1074 1649 ob
1096 1619 1309 1658 caussam,
1339 1606 1450 1660 quod
1481 1606 1573 1660 ipsa

174 1676 229 1719 ad
259 1677 359 1719 deos
398 1675 468 1729 pie
505 1675 741 1718 adorandos
788 1675 1029 1728 impellebat
1065 1674 1339 1729 hominesque
1377 1675 1572 1718 meliores

174 1745 351 1789 reddere
381 1743 696 1798 conabatur,2²)
718 1747 839 1787 tanta
866 1744 1071 1799 dignitate
1101 1742 1319 1787 fruebatur
1339 1744 1571 1799 tragoedia,

176 1818 380 1869 quantam
410 1814 525 1856 nullo
557 1818 729 1867 sumptu
760 1812 1159 1867 magnificentiaque
1197 1814 1387 1856 homines
1418 1814 1571 1867 imper-

173 1883 254 1926 tire
285 1895 364 1925 nec
394 1882 568 1925 induere
598 1885 776 1935 possunt
806 1881 889 1934 rei,
932 1894 1041 1935 quae
1072 1882 1197 1924 modo
1230 1894 1278 1925 eo
1311 1885 1493 1936 spectat,
1524 1884 1573 1924 ut

266 2066 314 2109 ²⁰)
338 2064 395 2099 Id.
423 2064 476 2099 15.
495 2075 525 2098 s.
550 2063 573 2097 f.
590 2075 626 2109 p.
655 2063 745 2098 1454
748 2089 914 2099 ........
939 2064 1039 2109 ἡμᾶς
1061 2063 1122 2097 δεῖ
1138 2064 1334 2104 μιμεῖσθαι
1360 2064 1451 2101 τοὺς
1472 2064 1571 2108 ἀγα-

172 2122 269 2160 θοὺς
292 2121 606 2167 εἶκονοῖράφους·
632 2120 689 2154 καὶ
713 2120 786 2166 γὰρ
810 2122 940 2154 ἐκεῖνοι
959 2120 1202 2159 ἀποδιδόντες
1221 2120 1285 2166 τὴν
1309 2120 1402 2154 ἰδίαν
1421 2120 1571 2166 μορφὴν

174 2180 330 2222 ὁμοίους
362 2180 555 2217 ποιοῦντες
578 2176 750 2217 καλλίους
772 2179 1004 2223 γράφουσιν·
1032 2178 1131 2212 οὕτω
1156 2178 1213 2211 καὶ
1239 2178 1301 2211 τὸν
1328 2178 1480 2224 ποιητὴν
1504 2190 1572 2220 μι-

171 2237 358 2279 μούμενον
382 2235 439 2269 καὶ
466 2234 642 2280 ὀργίλους
664 2234 721 2268 καὶ
744 2235 945 2282 ῥᾳθύμους
968 2235 1025 2269 καὶ
1045 2234 1158 2275 τᾶλλα
1178 2234 1222 2270 τὰ
1243 2237 1395 2270 τοιαῦτα
1418 2234 1574 2282 ἔχοντας

174 2294 230 2329 ἐπὶ
258 2297 329 2329 τῶν
355 2295 457 2341 ἠθῶν
486 2293 682 2332 ἐπιεικείας
707 2295 821 2326 ποιεῖν
844 2293 1080 2338 παράδειγμα
1104 2293 1127 2340 ἤ
1149 2293 1401 2340 σκληρότητος
1424 2293 1484 2326 δεῖ
1502 2295 1571 2327 eto.

266 2365 313 2410 ²¹)
340 2363 438 2399 Talis
464 2363 543 2397 vita
568 2362 756 2397 hominum
782 2365 939 2408 apparet
963 2363 1111 2409 quovis,
1138 2363 1197 2398 vel
1223 2374 1365 2398 summo
1390 2365 1570 2407 tempore,

171 2423 209 2457 in
242 2422 402 2457 minimis
435 2420 678 2465 maximisque
711 2421 838 2462 rebus,
882 2420 1080 2456 dummodo
1118 2433 1208 2455 sana
1238 2424 1362 2455 mente
1395 2423 1432 2453 et
1463 2421 1570 2454 acuto

170 2479 320 2524 ingenio
352 2479 588 2524 percipiatur.
638 2477 793 2522 Tragieo
820 2489 909 2513 vero
935 2478 1130 2523 praecipue
1155 2478 1209 2512 ita
1234 2480 1291 2512 est
1315 2476 1566 2522 percipienda:

173 2537 378 2571 abhorrens
403 2536 522 2578 vitiis,
549 2546 665 2569 vacua.
690 2546 711 2568 a
736 2535 907 2570 sordibus
933 2539 971 2569 et
995 2536 1215 2570 temeritate.

267 2606 313 2651 ²²)
339 2605 530 2650 Aristoph.
556 2604 648 2640 Rau.
678 2604 880 2647 1009—10,
906 2604 969 2639 ubi
987 2609 1098 2651 poeta
1114 2603 1331 2650 Euripidem
1348 2603 1440 2637 haec
1456 2604 1571 2638 verba

169 2665 380 2709 loquentem
405 2661 509 2697 facit:
537 2662 591 2696 ὅτι
611 2661 787 2705 βελτίους
806 2674 846 2696 τε
868 2666 1044 2706 ποιοῦμεν
1067 2663 1157 2701 τοὺς
1180 2660 1405 2706 ἀνθρώπους
1429 2661 1466 2695 ἐν
1492 2664 1572 2699 ταῖς

171 2722 329 2755 πόλεσιν.
