1776 3214
676 390 724 423 ·‘
763 373 1065 442 ΥΕῬῩΑΞ

808 502 944 514 m

315 610 455 653 Natus
473 623 563 651 sum
591 610 869 666 Sigismundns
897 609 1142 660 Wgclewski
1160 610 1410 648 Interamnae
1431 607 1575 660 (med-

179 672 374 730 zyrmcz),
404 675 549 728 oppido
568 673 703 735 Magni
728 676 908 716 Dueatus
919 674 1220 724 Posnaniensis‚
1243 664 1356 726 patre
1374 673 1575 725 Sylvestre

180 741 222 778 et
257 743 381 779 matre
411 734 560 781 Thecla
598 755 622 780 e
658 738 776 793 gente
796 733 1069 790 21111ῇοί3110,
1110 736 1297 780 Calendis
1323 739 1441 790 Majis
1469 752 1573 779 anno

178 805 299 854 hujus
332 806 482 845 saeculi
517 805 682 846 XXIV.
708 802 849 849 Mense
881 798 1024 846 Martio
1060 820 1095 845 a.
1135 805 1431 845 MDCCCXLV
1472 805 1570 843 Vra·

179 869 377 911 tislaviam
418 862 622 923 profectus
653 872 754 924 per.
775 871 994 911 triennium
1028 872 1260 912 continuum
1293 871 1348 910 111
1364 871 1436 910 illa
1466 870 1571 910 alma

176 935 399 977 litterarum
439 939 535 982 sede
564 938 749 978 Virorum
773 938 1166 985 Eruditissimorum‚
1213 938 1358 977 filisu
1400 951 1422 976 e
1461 938 1572 987 grata

176 1001 365 1046 memoria
394 1015 598 1057 nunquam
625 1003 847 1053 amovendi,
877 1004 1144 1052 Scnnmnnm,
1182 1006 1447 1051 A,m³noscu11
1477 1001 1572 1042 alio·

178 1080 267 1107 rum
303 1052 541 1108 lectionibus
573 1070 751 1110 interfui.
790 1058 976 1111 Ratione
1005 1070 1228 1110 studiorum
1253 1068 1411 1108 reddita
1440 1068 1570 1107 venia·

175 1133 254 1185 que
283 1133 452 1173 docendi
473 1134 684 1186 impetrata
698 1135 935 1175 Posnaniam
964 1135 1109 1186 repetii
1139 1148 1172 1174 a.
1195 1134 1570 1182 MDCCCXLVIII,

176 1198 248 1237 ubi
277 1198 377 1239 inde
412 1200 461 1239 ab
490 1200 560 1240 illo
587 1205 766 1253 tempore
791 1200 1062 1254 praeceptoris
1091 1200 1280 1240 ordinarii
1306 1199 1349 1239 111
1368 1200 1572 1252 gymnasio

180 1264 231 1305 ad
259 1265 339 1305 Set.
369 1266 534 1306 Mariam
567 1280 731 1308 munere
754 1268 911 1317 fungor.
981 1267 1122 1307 Liceat
1141 1267 1240 1306 mihi
1272 1267 1349 1307 hoc
1377 1266 1463 1306 loco
1495 1266 1573 1305 sin-

177 1330 292 1380 gulas
324 1332 616 1384 disputationes
655 1338 696 1375 et
723 1334 917 1386 opuscula
947 1348 970 1374 a
998 1347 1062 1374 me
1082 1334 1190 1374 edita
1218 1345 1461 1373 enumerare.
1531 1332 1571 1382 1)

175 1397 354 1437 Lexicon
379 1398 717 1451 latino-polonum.
767 1401 884 1440 Posn.
909 1399 1034 1452 1851.
1099 1399 1143 1451 2)
1171 1401 1233 1439 De
1261 1400 1381 1439 rebus
1400 1398 1573 1450 Epidau—

173 1463 333 1505 riorum.
380 1465 490 1517 Disp.
517 1466 543 1505 i.
559 1467 584 1505 i.
618 1468 699 1506 sch.
755 1468 877 1507 Posn.
907 1466 1024 1507 1854.
1089 1465 1131 1519 3)
1162 1470 1456 1515 Agamemnon,
1495 1468 1573 1504 tra·

175 1531 287 1581 goed.
317 1531 506 1583 Aeschyli
526 1534 568 1571 in
597 1532 775 1582 linguam
799 1532 967 1584 polonie.
996 1532 1198 1572 translata.
1254 1533 1299 1581 4)
1326 1530 1573 1582 Choephoris

176 1609 228 1635 ex
258 1609 397 1646 graeco
422 1597 624 1638 translatis
646 1599 696 1637 de
725 1599 876 1646 studio,
904 1599 1011 1651 quod
1038 1597 1232 1649 proximis
1261 1597 1329 1636 IV.
1360 1597 1572 1648 superiori-

174 1662 250 1700 bus
286 1662 456 1702 saeculis
487 1663 532 1703 in
563 1664 725 1703 Graecis
757 1664 895 1704 Poloni
928 1663 1247 1715 consumpserint
1280 1666 1322 1703 et
1345 1663 1395 1702 de
1419 1667 1574 1713 tragoe-

176 1727 252 1767 diis
292 1741 314 1767 e
356 1738 496 1779 graeco
534 1730 576 1769 in
602 1730 779 1780 linguam
802 1730 935 1782 polon.
964 1729 1162 1770 conversis
1191 1730 1467 1770 brevissimam
1496 1728 1575 1768 dis-

176 1793 423 1845 putationem
462 1796 651 1847 praemisi
687 1797 712 1835 i.
735 1796 763 1835 i.
787 1796 910 1838 schol.
936 1797 1108 1836 Posnan.
1144 1794 1261 1836 1857.
1327 1795 1372 1846 5)
1404 1795 1574 1835 Carmen

180 1860 387 1902 sollemnia
425 1861 687 1903 dedicationis
728 1862 818 1903 novi
847 1862 1051 1914 Gymnasii
1079 1862 1199 1913 Regii
1236 1863 1288 1902 ad
1318 1862 1376 1903 St.
1407 1861 1573 1901 Mariam

178 1928 464 1968 Posnaniensis
506 1928 727 1970 celebrans.
759 1930 879 1969 Posn.
920 1927 1033 1969 1858.
1067 1951 1114 1956 -
1164 1928 1209 1979 6)
1238 1929 1375 1968 Babrii
1411 1928 1573 1968 fabulae

176 1997 318 2045 Aesop.
362 1995 405 2033 in
441 1994 538 2044 ling.
573 1994 652 2046 pol.
682 1994 900 2035 translatae
930 2008 1019 2034 cum
1046 1996 1217 2046 praefat.
1252 1996 1301 2035 de
1334 1995 1415 2035 vita
1438 1994 1574 2034 Babrii

177 2062 219 2099 et
256 2060 307 2100 de
333 2060 470 2100 fabula
498 2074 651 2111 graeca.
678 2062 794 2101 Posn.
828 2059 943 2102 1861.
994 2061 1190 2115 Reliquae
1232 2060 1523 2114 disputationes
1551 2074 1574 2100 a

176 2140 239 2167 me
276 2127 521 2179 conscriptae
557 2128 771 2169 collocatae
801 2132 895 2169 sunt
922 2128 966 2168 in
992 2128 1144 2168 libellis
1171 2127 1387 2168 Varsaviae
1412 2131 1455 2168 et
1483 2128 1575 2168 Cra-

176 2192 308 2232 coviae
338 2193 381 2232 in
411 2193 589 2244 singulos
615 2207 774 2234 menses
806 2194 921 2234 annis
947 2193 1050 2234 1859
1078 2199 1119 2235 et
1149 2193 1252 2235 1860
1282 2193 1416 2234 editis.
