1776 3214
831 257 893 306 23

167 410 233 453 lae
280 410 575 463 argumentum
621 407 873 461 explicatur,
925 407 1147 452 manifesto
1193 408 1423 453 indicatum
1470 421 1563 453 esse

168 476 483 523 existimaveris.
497 476 549 531 6⁰)
611 476 805 521 Concedo
836 489 978 531 porro,
1020 479 1132 532 quod
1173 478 1300 523 iidem
1336 479 1562 524 contende-

167 551 283 601 runt,
324 550 371 590 ut
411 546 659 601 quaestione
698 546 750 589 de
788 546 882 589 Laii
912 550 1047 590 morte
1085 548 1277 592 instituta
1307 549 1479 593 dimidia
1511 562 1562 593 ex

166 621 287 673 parte
324 616 475 660 saltem
513 616 678 660 tristem
724 619 766 659 et
805 615 1032 660 terribilem
1075 620 1232 661 sortem
1270 619 1471 673 repellere
1517 623 1561 663 et

166 687 378 731 declinare
408 686 615 740 potuisset
646 685 852 739 Oedipus3
900 698 1036 740 neque
1066 699 1230 741 regem,
1270 692 1428 742 quanto
1465 701 1563 732 cau·

167 758 248 801 tior
278 759 321 799 et
351 755 595 810 prudentior
632 757 724 798 erat
759 754 803 797 in
843 754 968 798 rebus
1008 755 1271 810 plerumque,
1317 769 1424 811 quae
1462 770 1557 801 eum

167 841 248 872 non
279 826 547 881 attingerent,
579 828 699 868 tanto
731 824 1103 879 imprudentiorem
1135 829 1177 869 et
1206 826 1482 871 incautiorem
1512 840 1558 872 se

166 896 407 952 praebuisse
437 907 545 950 nego
585 895 629 938 in
659 895 711 938 iis
742 895 941 949 negotiis,
982 896 1026 939 in
1063 896 1213 950 quibus
1254 897 1439 941 maxima
1479 898 1558 941 cir-

167 965 423 1020 cumspectio
446 968 488 1008 et
509 964 753 1008 deliberatio
774 963 922 1007 fuisset
943 965 1189 1009 adhibenda.
1232 965 1411 1010 Constat
1432 967 1557 1021 enim,

166 1049 260 1080 eum
291 1033 535 1090 aenigmata
566 1034 750 1088 solvisse,
781 1034 1055 1089 prudentibus
1097 1040 1140 1079 et
1171 1036 1427 1080 salutaribus
1460 1049 1558 1081 con-

165 1105 266 1148 siliis
306 1104 626 1159 actionibusque
662 1104 862 1159 populum
904 1104 1111 1158 docuisse,
1158 1105 1337 1159 rexisse,
1385 1106 1554 1160 beasse3

163 1176 351 1219 videmus
392 1188 576 1231 quoque,
616 1187 831 1230 nunquam
881 1187 1022 1231 regem
1076 1174 1249 1219 consilio
1303 1176 1555 1221 destitutum

163 1247 296 1289 aciem
346 1247 497 1289 mentis
548 1249 623 1289 aut
671 1245 914 1289 firmitatem
961 1246 1292 1290 constantiamve
1342 1246 1556 1290 defecisse.

163 1316 327 1359 Deinde
365 1316 535 1368 scimus,
583 1315 788 1369 Oedipum
833 1314 973 1358 animo
1021 1315 1218 1369 tumenti,
1265 1317 1555 1360 vehementem

161 1388 323 1437 natura,
365 1385 452 1427 vita
482 1385 747 1438 inquinatum
778 1397 861 1427 non
893 1396 1059 1438 semper
1094 1385 1329 1438 respexisse
1361 1389 1554 1429 aeternas

161 1454 274 1509 leges
306 1453 394 1497 veri
424 1453 610 1508 rectique
640 1453 682 1496 in
714 1453 784 1507 iis,
827 1465 934 1507 quae
965 1452 1144 1507 faceret,
1183 1453 1257 1497 sed
1287 1454 1455 1509 saepius
1486 1467 1555 1498 ra-

162 1524 318 1567 tionem
349 1523 545 1567 habuisse
576 1536 739 1577 eorum,
781 1536 889 1578 quae
929 1536 979 1567 ex
1016 1522 1142 1567 factis
1180 1527 1322 1568 essent
1352 1527 1553 1568 eventura

162 1598 203 1638 ot
241 1597 531 1639 consecutura.
592 1594 730 1647 Quare
770 1606 853 1637 non
898 1595 1041 1637 movet
1071 1593 1412 1649 admirationem,
1455 1607 1550 1638 eum

159 1663 447 1719 indignatione
479 1676 702 1708 accensum
735 1667 777 1707 et
807 1663 978 1709 horrore
1009 1662 1220 1708 affectum*
1238 1663 1379 1717 fuisse,
1421 1677 1551 1719 quum

159 1734 340 1788 denique
379 1734 580 1789 cogitatio
610 1734 798 1777 animum
836 1734 924 1789 ejus
956 1733 1172 1788 subiisset,
1213 1747 1257 1778 se
1297 1732 1392 1778 Laii
1423 1735 1552 1779 inter-

158 1803 358 1848 fectorem
390 1816 481 1848 esse
512 1803 709 1859 possem)
759 1803 868 1847 Nam
890 1804 1070 1858 publicis
1102 1804 1227 1848 rebus
1248 1804 1415 1848 deditus
1445 1818 1552 1848 nun-

158 1887 283 1929 quam
323 1874 366 1917 in
404 1887 495 1918 sese
533 1874 749 1917 descendit
787 1877 914 1928 atque
958 1873 1064 1918 falsa
1110 1874 1305 1929 opinione
1344 1874 1546 1929 deceptus

158 1944 414 1987 extrinsecus
436 1943 594 1987 malum
615 1956 719 1997 esse,
752 1957 836 1988 non
866 1944 970 1987 vidit
1000 1944 1111 1987 intra
1142 1944 1280 1999 ipsum
1311 1956 1404 1988 esse
1435 1948 1478 1988 et
1506 1945 1550 1988 in

157 2013 387 2058 visceribus
419 2015 507 2070 eJus
538 2011 689 2058 sedere
754 2014 895 2069 Atque
925 2014 1023 2058 inde
1053 2026 1245 2058 manasse
1282 2027 1426 2059 omnes
1457 2014 1551 2059 illas

157 2084 347 2128 miserias
387 2084 691 2138 consentimus,
738 2084 889 2139 quibus
926 2084 1105 2139 denique
1141 2084 1381 2138 succubuit,
1418 2097 1547 2140 quum

156 2155 409 2208 persuadere
447 2155 526 2199 sibi
564 2168 648 2199 non
679 2158 841 2209 posset,
887 2167 933 2199 se
973 2155 1063 2198 sola
1103 2155 1277 2209 pietate,
1323 2154 1549 2198 sanctitate

156 2237 402 2279 morumque
442 2225 654 2279 probitate
691 2228 829 2268 tutum
868 2224 921 2268 ab
968 2237 1016 2268 eo
1057 2223 1243 2279 periculo
1282 2223 1373 2268 fieri
1411 2236 1547 2278 posse,

155 2295 267 2348 quod
297 2295 350 2338 ab
384 2295 475 2338 aliis
507 2294 833 2350 propinquisque
863 2294 1022 2338 intendi
1054 2294 1133 2338 sibi
1154 2294 1344 2349 putabat,
1377 2298 1420 2339 et
1451 2307 1548 2339 cen-

155 2369 283 2419 seret,
323 2378 369 2410 se
399 2365 504 2409 bene
535 2368 578 2408 et
607 2366 737 2419 probe
769 2368 811 2409 et
842 2365 893 2408 ad
926 2365 1098 2409 deorum
1130 2364 1389 2409 voluntatem
1421 2377 1548 2420 agere

156 2439 198 2478 et
229 2436 379 2490 vivere,
410 2436 508 2480 dum
540 2436 606 2479 vel
636 2435 815 2479 nefanda
847 2435 1021 2478 crimina
1052 2438 1251 2490 patraret.

270 2507 420 2561 Itaque
464 2507 507 2549 in
554 2506 671 2549 illum
717 2509 816 2560 apte
862 2506 1070 2560 quadrare
1114 2505 1309 2550 videntur
1353 2505 1447 2550 illa:
1501 2506 1546 2547 τὸ

249 2680 296 2726 ⁶0)
322 2680 407 2716 Jam
441 2692 551 2728 supra
583 2679 963 2724 commemoravimus,
1000 2691 1072 2726 qua
1106 2679 1151 2715 de
1176 2690 1305 2718 caussa
1337 2680 1375 2717 id
1400 2681 1547 2718 fecisset

153 2740 271 2782 poeta.
309 2739 355 2774 V.
380 2740 507 2775 adnot.
532 2739 588 2775 49.
615 2741 652 2775 et
676 2738 831 2775 Aristot.
861 2738 922 2783 14,
953 2738 1003 2773 10.

247 2795 294 2842 ⁶¹)
320 2796 396 2834 ΟΒ,
423 2797 491 2833 813
516 2808 594 2844 sqq.
