1776 3214
864 214 930 263 30

196 361 414 418 ingeniose
444 362 488 406 in
518 375 568 407 ea
589 376 634 407 re
656 362 938 408 elaboraverit
958 366 1102 418 poeta,
1134 363 1205 420 qui
1228 364 1455 411 artificiose
1476 366 1596 423 agni-

194 432 309 476 tione
332 437 375 477 et
396 433 673 488 explicatione
696 434 839 486 dilata,
862 434 1027 478 occulta
1049 438 1092 478 et
1111 435 1300 479 involuta
1317 448 1392 491 per
1407 450 1479 481 eos
1496 451 1595 492 ape-

192 502 294 556 riat,
327 502 400 558 qui
421 515 579 559 augore
601 509 644 548 et
665 502 930 560 aegritudine
952 503 1159 560 Oedipum
1182 505 1325 550 levare
1345 518 1396 550 ac
1415 506 1595 552 liberare

193 573 403 617 studeant.
444 574 534 617 Iam
558 574 619 627 id,
641 578 689 617 ut
710 586 760 617 ex
781 574 970 617 oratione
992 574 1177 618 Iocastes
1194 579 1391 630 apparet,
1413 577 1594 620 maxime

194 643 459 687 demonstrat
488 643 701 687 levitatem
734 646 776 687 et
806 642 1091 687 temeritatem
1131 642 1333 699 feminae,
1380 641 1491 701 quod
1531 645 1594 689 fa-

193 713 325 767 mulo,
366 713 436 768 qui
469 726 519 758 ex
551 726 654 757 nece
685 713 790 757 Laio
823 713 1129 768 comitibusque
1158 714 1246 770 ejus
1284 718 1455 770 patrata
1491 715 1594 760 effu-

192 787 316 839 gerat
347 783 461 828 solus
484 787 544 837 et,
577 796 706 838 quum
728 783 935 838 Oedipum
955 788 1201 840 regnantem
1223 785 1402 840 videret,
1433 786 1593 842 ingenti

192 854 374 908 quadam
412 857 616 909 tanquam
653 854 846 897 scelerati
888 854 1017 897 animi
1056 855 1269 899 anxietate
1310 860 1458 911 captus
1498 870 1590 901 eam

190 927 434 978 rogaverat,
466 927 514 967 ut
544 923 766 978 proculab
789 924 893 967 urbe
925 924 978 967 ad
1006 922 1208 967 armenta
1228 925 1476 980 mitteretur,
1508 939 1591 969 nou

192 994 362 1049 cognita
394 1007 563 1048 caussa,
611 1007 684 1038 cur
720 994 762 1037 in
802 1006 925 1049 agros
956 994 1134 1049 relegari
1164 994 1310 1048 vellet,
1357 1008 1517 1040 morem
1549 996 1591 1039 in

137 1071 140 1074 ’
191 1076 242 1107 ea
272 1077 318 1107 re
350 1064 501 1119 gessit,
532 1063 779 1108 fidelitatem
809 1063 952 1107 famuli
983 1064 1208 1118 probatam
1229 1068 1272 1108 et
1293 1065 1441 1120 maj0ri
1463 1065 1591 1109 etiam

190 1131 396 1178 beneficio
436 1133 605 1190 dignam
642 1133 923 1189 praetendens
962 1133 1282 1189 imprudentiae.
1329 1134 1591 1191 Simulatque

193 1204 380 1259 Oedipus
414 1218 464 1249 ea
496 1204 674 1258 audivit,
717 1204 920 1248 famulum
952 1205 1151 1249 continuo
1183 1205 1331 1255 adduci
1363 1206 1510 1261 J'ussit;
1549 1212 1591 1250 et

189 1274 281 1329 ipse
306 1275 396 1330 J'am
435 1288 592 1331 angore
615 1275 824 1320 cruciatus
847 1275 1013 1330 copiose
1044 1279 1207 1330 narrat,
1239 1279 1287 1318 ut
1307 1276 1449 1320 multis
1469 1276 1590 1321 annis

189 1349 289 1389 ante
310 1346 576 1402 peregrinum
594 1346 804 1400 quendam
823 1358 918 1390 cum
939 1345 1106 1390 famulis
1130 1346 1218 1402 eJ'us
1234 1346 1456 1390 necaverit.
1492 1347 1589 1391 Jam

188 1415 357 1468 metuit,
389 1428 442 1459 ne
472 1416 552 1459 iste
583 1415 827 1470 peregrinus
848 1414 977 1459 Laius
1008 1419 1138 1468 esset,
1170 1416 1369 1470 quoniam
1397 1419 1487 1460 tum
1508 1417 1588 1460 sibi

189 1485 426 1529 miserrimo
472 1489 515 1530 et
563 1484 847 1529 infelicissimo
886 1485 1066 1539 homini,
1115 1499 1242 1540 quam
1279 1500 1459 1540 poenam
1499 1487 1589 1541 ipse

190 1554 500 1608 constituisset,
533 1568 583 1598 ex
614 1555 754 1609 patria
784 1555 1066 1598 decedendum
1099 1558 1212 1599 esset
1241 1567 1318 1598 nec
1347 1555 1493 1599 liceret
1522 1569 1588 1599 re-

187 1625 295 1669 verti
318 1624 583 1678 Corinthum,
617 1625 659 1668 in
681 1625 899 1679 antiquam
920 1625 1121 1679 patriam,
1153 1637 1207 1668 ne
1227 1629 1446 1679 parentem
1467 1638 1588 1669 suum

188 1694 393 1750 Polybum
433 1694 689 1739 interficeret
728 1698 803 1738 aut
839 1698 1021 1739 matrem
1051 1695 1254 1750 Meropen
1292 1694 1334 1738 in
1374 1695 1589 1739 matrimo-

187 1764 304 1808 nium
335 1764 521 1809 duceret.
537 1764 587 1819 Η)
619 1764 685 1819 (V.
717 1762 802 1806 720
834 1777 923 1819 sqq.
956 1762 1041 1806 824
1074 1764 1180 1819 sqq.)

305 1835 401 1879 Una
432 1838 592 1888 tamen,
640 1847 897 1890 quamquam
936 1835 1104 1891 exigua,
1151 1848 1247 1890 spes
1293 1834 1453 1890 reliqua
1485 1839 1587 1879 erat.

186 1906 223 1948 A
277 1905 512 1948 latronibus
566 1905 718 1948 Laium
772 1905 1039 1948 interfectum
1094 1904 1276 1949 famulus
1322 1910 1587 1958 narraverat3

186 1988 231 2019 se
278 1987 399 2030 ergo,
438 1987 565 2029 quum
609 1987 716 2018 unus
756 1978 902 2018 contra
947 1975 1087 2030 plures
1125 1974 1487 2030 pugnavisset,²⁵)
1527 1975 1586 2019 ita

186 2058 260 2089 rex
306 2058 352 2088 se
399 2045 657 2097 consolatur,
704 2057 992 2099 percussorem
1031 2045 1142 2087 illius
1179 2057 1262 2088 non
1301 2043 1450 2094 fuisse,
1495 2045 1587 2096 nisi,

186 2126 294 2168 quae
332 2114 431 2156 olim
460 2113 671 2169 professus
703 2117 795 2157 erat
836 2117 877 2157 et
918 2126 993 2168 pro
1032 2125 1131 2157 vero
1172 2112 1474 2167 affirmaverat,
1512 2126 1587 2169 pa-

186 2188 274 2228 stor
318 2187 590 2228 revocaturus
639 2187 761 2228 esset.
780 2183 830 2238 ⁷⁵)
890 2184 1056 2228 Iocaste
1096 2196 1265 2238 quoque
1304 2187 1508 2238 quantum
1544 2185 1587 2228 in

284 2347 328 2392 ⁷⁴)
355 2346 608 2382 Misericordia
639 2345 768 2393 (ἕλεος
806 2350 843 2381 et
883 2346 995 2382 timor
1036 2346 1197 2391 (φόβος)
1238 2346 1371 2380 mirum
1409 2348 1585 2391 quantum

185 2408 339 2452 occupat
364 2405 526 2448 animos,
560 2416 671 2450 quum
696 2404 905 2449 videamus,
947 2413 1020 2450 qua
1044 2404 1105 2440 via
1129 2404 1292 2451 Oedipus
1318 2404 1366 2439 ad
1390 2403 1585 2439 veritatem

186 2467 224 2499 et
249 2465 388 2498 sortem
413 2474 515 2498 suam
542 2463 714 2499 miseram
740 2462 1032 2510 cognoscendam
1059 2463 1220 2498 accedat.
1269 2461 1385 2497 Arist.
1411 2464 1508 2509 poet.
1531 2462 1583 2497 13.

281 2523 326 2568 ⁷⁵)
353 2520 480 2557 Liceat
504 2521 695 2558 nobishoc
718 2522 799 2557 loco
824 2531 1129 2565 commemorare,
1155 2521 1193 2556 id
1212 2519 1442 2556 mendacium
1460 2519 1583 2555 famuli

182 2579 399 2616 inevitabile
424 2579 534 2614 fuisse
552 2580 688 2626 illoque
714 2579 869 2615 artificio
896 2582 1044 2626 poetam
1071 2579 1249 2623 effecisse,
1275 2581 1317 2613 nt
1342 2578 1404 2613 diu
1422 2577 1583 2625 Oedipus

183 2638 343 2685 vestigio
369 2637 568 2673 falleretur.
625 2638 671 2673 Id
696 2649 840 2684 quoque
866 2640 1112 2674 commentum
1140 2636 1333 2683 Sophoclis
1359 2639 1433 2680 est,
1472 2648 1583 2683 quum

183 2698 298 2741 dieat,
337 2708 451 2731 unum
482 2699 626 2731 tantum
659 2696 834 2732 famulum
867 2696 1052 2742 effugisse,
1094 2706 1140 2731 ne
1173 2696 1220 2732 ab
1251 2694 1315 2731 illo
1349 2697 1498 2731 narrata
1523 2694 1584 2730 alii

182 2759 297 2793 testes
322 2754 541 2803 superstites
569 2755 781 2793 refutarent.
