1776 3214
911 208 973 256 18

237 371 335 402 men
364 356 684 402 fundamentum
714 357 960 413 tragoediae
1002 360 1067 401 est
1097 357 1171 402 illa
1203 357 1342 413 opinio
1374 370 1510 413 neque
1541 358 1638 402 inde

237 428 380 482 colligi
411 431 570 482 potest,
612 431 784 482 poetam
815 427 953 482 ipsum
986 428 1233 481 credidisse,
1274 427 1408 472 fatum
1439 429 1636 472 immuta-

233 497 317 541 bile
349 500 392 541 et
421 497 685 552 implacabile
716 497 921 541 dominari
952 497 996 539 in
1026 497 1150 540 rebus
1181 498 1389 541 humanis.
1419 498 1517 541 Jam
1537 512 1637 542 vero

235 571 484 622 argumento
524 566 761 611 fabularum
803 580 854 610 cx
883 567 1052 610 horrida
1084 568 1336 622 antiquitate
1366 572 1637 623 acceptarum

233 650 361 692 saepe
391 637 574 680 devincti
595 637 849 681 tenebantur
878 640 1041 691 poetae.
1084 637 1221 689 Quum
1253 641 1395 681 autem
1427 637 1498 680 illa
1517 641 1635 681 aetas

232 707 314 751 sibi
345 706 622 761 persuasisset
653 710 696 751 et
727 706 923 761 opinione
944 706 1051 750 falsa
1072 706 1307 760 duceretur,
1339 706 1426 751 fato
1455 707 1543 762 regi
1565 720 1633 751 res

231 778 458 831 humanas,
504 777 678 833 tragicis
722 790 857 833 pauca
898 781 1064 822 tantum
1114 777 1168 822 ad
1208 782 1474 833 praesentem
1513 790 1634 822 usum

232 848 402 891 flectere
440 851 514 890 aut
549 852 716 892 mutare
756 848 928 899 licebat,
976 861 1028 891 ne
1070 848 1306 902 antiquitus
1347 849 1525 892 traditas
1567 861 1635 891 res

232 918 415 962 violasse
446 918 763 973 videi·entur.⁴⁰)
804 918 951 972 Neque
983 921 1126 961 tamen
1157 918 1201 961 in
1232 918 1436 973 ejusmodi
1468 930 1634 972 quoque

231 987 403 1040 fabulis,
436 1000 566 1041 quae,
598 991 646 1031 ut
666 988 727 1031 ita
748 988 907 1041 dicam,
938 1001 964 1031 a
994 987 1200 1043 principio
1228 988 1317 1043 Jam
1338 986 1426 1031 fato
1449 988 1633 1042 quodam

232 1057 389 1102 crudeli
420 1057 741 1113 miserrimaque
769 1061 881 1101 sorte
903 1058 1102 1113 gravidae
1125 1061 1264 1111 erant,
1297 1056 1524 1112 Sophocles
1545 1056 1633 1100 fato

232 1132 299 1172 est
329 1140 448 1180 usus,
482 1141 515 1171 e.
547 1141 585 1184 g.
617 1128 660 1171 in
682 1128 849 1172 Electra
871 1131 913 1172 et
941 1128 1170 1183 Antigone,
1202 1131 1277 1171 aut
1307 1128 1342 1171 si
1364 1127 1529 1171 efficere
1550 1140 1633 1170 non

231 1198 389 1253 potuit,
422 1211 475 1241 ne
506 1198 638 1242 ullum
660 1199 829 1242 omnino
862 1197 1088 1252 vestigium
1118 1198 1195 1241 fati
1227 1200 1412 1241 exstaret
1435 1200 1478 1240 et
1507 1196 1634 1240 relin-

231 1272 443 1324 queretur,
475 1268 566 1323 ipse
597 1272 739 1313 tamen
761 1268 1011 1323 saepissime
1031 1268 1144 1311 haud
1173 1268 1369 1323 ambigue
1391 1267 1632 1320 declaravit,

231 1352 277 1382 se
309 1338 347 1381 ei
377 1338 439 1381 rei
469 1337 596 1382 fidem
628 1350 712 1381 non
742 1338 917 1392 habere,
950 1341 992 1381 et
1023 1338 1166 1381 docuit
1197 1351 1294 1391 nos,
1327 1338 1427 1381 deos
1458 1337 1568 1380 solos
1591 1342 1634 1380 ct

231 1409 347 1463 ipsos
378 1421 463 1451 non
496 1408 673 1452 arbitrio
705 1420 781 1451 suo
813 1421 891 1452 nec
924 1421 974 1451 ex
995 1420 1071 1451 suo
1095 1407 1286 1461 consilio,
1318 1408 1393 1451 sed
1425 1420 1474 1451 ex
1504 1407 1633 1450 ratio-

230 1479 296 1522 nis
328 1481 371 1522 et
395 1477 502 1533 juris
534 1478 795 1537 praescripto
829 1478 1032 1521 mundum
1062 1477 1430 1532 administrare-⁸³⁰)
1476 1477 1632 1519 Verum

231 1548 400 1603 quidem
423 1552 488 1591 est
517 1561 595 1591 nec
626 1548 773 1603 negari
804 1552 965 1602 potest,
997 1548 1216 1602 praedicta
1248 1552 1290 1591 et
1316 1560 1518 1601 responsa
1540 1560 1632 1590 ora-

325 1640 373 1685 40)
401 1639 558 1675 Steiner.
585 1640 607 1675 i.
636 1639 710 1675 sch.
744 1651 780 1685 p.
806 1639 838 1674 3.
865 1639 1021 1675 Aristot.
1051 1638 1103 1682 14,
1133 1639 1185 1676 10.
1213 1638 1303 1678 τοὺς
1328 1638 1395 1680 μὲν
1427 1636 1631 1684 apostami—

230 1699 370 1741 μένους
393 1700 462 1734 etc.
494 1697 538 1734 V.
566 1709 659 1744 quae
692 1698 730 1733 in
765 1700 930 1733 extrema
957 1697 1217 1744 disputationis
1250 1699 1357 1744 parte
1392 1696 1436 1732 de
1471 1696 1632 1732 Tiresiae

232 1756 416 1793 vaticiniis
441 1756 490 1790 sit
515 1756 663 1791 dictum.

326 1815 374 1862 ³⁰)
400 1814 456 1851 Ne
487 1814 578 1850 illud
611 1815 759 1861 quidem
794 1815 983 1862 egregium
1009 1814 1111 1851 chori
1135 1814 1174 1850 in
1199 1813 1322 1850 Persis
1348 1813 1523 1861 Aeschyli
1548 1825 1631 1849 can-

231 1875 344 1911 ticum
369 1873 562 1919 quisquam
587 1873 763 1919 proferat,
790 1874 887 1919 qnod
913 1876 1056 1909 mentes
1081 1872 1269 1909 hominum
1296 1873 1414 1908 libera
1439 1872 1631 1907 voluntate

231 1932 408 1980 spoliatas
434 1934 472 1967 et
496 1931 562 1967 fati
587 1931 807 1966 necessitate
834 1931 1023 1966 devinctas
1049 1942 1129 1966 esse
1156 1930 1286 1966 docere
1312 1930 1478 1966 videtur:

603 1989 801 2036 δολόμητιν
827 1987 862 2023 δ’
893 1990 1034 2024 ἀπάταν
1060 1989 1154 2023 θεοῦ

604 2048 660 2086 τίς·
685 2048 776 2094 ἀνὴρ
802 2048 942 2095 θνητὸς
966 2047 1112 2089 &MR-:q

605 2105 662 2143 τίς
685 2105 704 2139 ὁ
731 2107 892 2152 κραιπνῷ
923 2104 1005 2139 ποδὶ
1032 2104 1127 2151 πηδή
1154 2128 1199 2134 -

606 2176 726 2206 ματος
751 2163 931 2202 εὐπετέως
955 2161 1147 2210 ἀνᾴσσων;

604 2220 799 2268 φιλόφρων
824 2220 896 2267 γὰρ
924 2220 1134 2255 ποτισαίνου
1164 2243 1203 2248 -

604 2292 649 2314 σα
676 2280 716 2314 τὸ
744 2282 890 2327 πρῶτον
918 2279 1076 2325 παράγει

601 2338 742 2384 βροτὸν
770 2338 827 2378 εἷς
854 2335 995 2383 ἁᾷὶκυας
1020 2335 1104 2377 ἄτα,

603 2395 714 2430 τόθεν
741 2396 807 2431 οὐκ
832 2395 930 2431 ἔστιν
958 2394 1049 2441 ὑπὲρ
1075 2395 1146 2429 θνα
1173 2420 1215 2425 —

602 2455 663 2489 τὸν
689 2454 874 2495 ἀλόξαντα
900 2456 1043 2500 φυγεῖν.

231 2516 327 2553 Nam
352 2525 462 2561 quum
487 2513 540 2549 illi
565 2524 671 2549 senes
696 2516 870 2560 tanquam
906 2513 1133 2561 perturbatis
1159 2513 1290 2548 animis
1316 2512 1463 2548 solliciti
1496 2513 1541 2549 de
1567 2526 1629 2561 pa-

229 2575 325 2611 triae
350 2573 469 2609 salute
494 2572 609 2607 fatum
635 2573 820 2618 quoddam
846 2572 1121 2608 acerbissimum
1152 2573 1313 2617 deosque
1346 2572 1546 2607 malevolos
1572 2584 1629 2608 ac-

229 2636 376 2676 cusent,
409 2630 471 2677 qui
496 2630 602 2665 malis
628 2630 857 2676 miseriisque
883 2629 1049 2665 homines
1075 2629 1168 2665 dolis
1194 2632 1322 2675 captos
1347 2633 1483 2665 vexent
1509 2633 1546 2664 et
1570 2642 1626 2664 ur·

230 2694 359 2739 geant,
387 2702 431 2726 ex
457 2688 589 2736 quibus
615 2687 758 2734 eripere
784 2700 823 2724 se
849 2688 1004 2735 amplius
1031 2699 1105 2724 non
1130 2686 1275 2734 possint
1299 2688 1492 2736 mortales,
1519 2700 1627 2724 nemo

227 2751 384 2787 fortasse
410 2748 492 2793 erit,
518 2748 580 2794 qui
605 2749 754 2794 poetam
772 2747 892 2794 ipsum
917 2747 955 2783 id
980 2747 1181 2783 credidisse
1207 2747 1419 2784 arbitretur.
