1776 3214
867 247 898 292 4

183 395 456 448 ordinemque
476 394 661 445 violavit,
692 406 866 436 manare
898 405 1054 446 easque
1085 392 1298 455 piaculum
1329 406 1355 436 a
1374 394 1579 439 violatore

182 467 377 507 exactum
408 476 501 506 esse
533 466 710 517 oportet.

298 533 363 576 Ne
384 533 478 587 quis
499 535 640 575 tamen
665 532 820 584 credat,
852 532 904 575 de
924 531 1108 573 numinis
1132 532 1263 574 divini
1283 532 1507 586 majestate
1528 545 1579 575 ac

181 603 375 657 potentia
395 602 626 656 quidquam
643 601 950 644 detrahendum
972 613 1074 643 esse.
1107 600 1265 643 Contra
1286 614 1336 644 ea
1357 602 1578 654 contendo,

180 684 338 714 numen
358 671 471 722 illud,
505 671 625 725 cujus
647 674 788 713 mente
809 674 938 724 atque
959 670 1122 712 rat-ione
1144 670 1279 712 omnis
1301 671 1481 713 mundus
1504 671 1578 713 ad-

180 739 445 783 ministratur
467 743 510 782 et
525 738 698 793 regitur,
730 739 842 793 quod
858 743 1052 781 naturam
1074 738 1346 792 actionesque
1361 739 1578 782 hominum

180 808 384 864 perspicit
403 809 599 862 vitaeque
617 820 762 850 eorum
778 808 957 850 consulit
979 811 1021 850 et
1041 808 1242 861 providet,
1266 808 1419 851 eximio
1436 821 1579 852 amore

182 882 226 923 et
245 878 539 922 benevolentia
558 890 657 921 vere
684 878 822 921 divina
847 878 1019 920 ductum
1040 877 1215 931 singulis
1235 877 1500 930 mortalibus,
1532 881 1580 920 ut

180 952 297 992 recto
330 952 373 990 et
402 947 582 990 honesto
604 947 781 990 victoria
802 950 975 1000 paretur
1005 959 1058 990 ac
1079 946 1261 989 stultitia
1280 946 1579 1001 temeritasque

181 1018 304 1061 malis
319 1017 474 1070 luatur,
497 1029 677 1072 poenam
698 1016 1034 1071 suppliciumque
1054 1016 1242 1071 irrogare
1262 1028 1385 1069 posse
1405 1015 1579 1070 locoque

182 1087 370 1140 parentis
385 1085 626 1129 hominibus
643 1099 746 1128 esse.
780 1086 902 1136 Quod
920 1086 1089 1138 quidem
1100 1085 1191 1138 Jam
1207 1084 1281 1126 illa
1298 1085 1468 1138 egregia
1483 1097 1580 1137 pro-

180 1155 306 1198 batur
322 1154 545 1207 sententia,
564 1166 690 1208 quam
706 1154 748 1196 in
765 1154 1082 1208 Agamemnone
1099 1153 1248 1196 chorus
1272 1153 1516 1207 pronuntiat
1528 1153 1578 1207 ⁷):

268 1226 337 1265 τὸν
369 1228 545 1280 φρονεῖν
574 1225 766 1280 βροτοὺς
796 1225 1040 1275 ὁδώσαντα,
1074 1226 1144 1265 τὸν
1175 1224 1304 1265 πάθει
1333 1225 1485 1279 μάθος

267 1291 397 1334 θέντα
427 1291 588 1349 κυρίως
617 1291 740 1351 ἔχειν.

266 1362 405 1408 στάζει
439 1360 482 1400 δ’
516 1359 561 1401 ἔν
594 1361 642 1400 29²
676 1360 791 1416 ὕπνῳ
824 1361 907 1416 πρὸ
939 1360 1120 1416 καρδίας

265 1427 544 1485 μνησιπήμων
575 1427 721 1478 πόνος,
752 1428 820 1469 καὶ
849 1428 950 1484 παρ’
981 1426 1012 1469 ἄ
1036 1455 1085 1461 —-—
1119 1432 1121 1435 '

265 1510 418 1540 κοντας
446 1493 553 1550 ἦλθε
583 1498 839 1550 σωφρονεῖν.

266 1561 478 1617 δαιμόνων
508 1560 557 1603 δέ
587 1577 667 1603 που
693 1563 826 1619 χάρις

264 1629 388 1685 βίαια
419 1629 553 1684 σέλμα
583 1629 739 1684 σεμνὸν
769 1628 950 1686 ἡμένων.

180 1716 439 1758 quamquam
460 1716 617 1746 numen
638 1703 915 1758 Aeschyleum
945 1707 1217 1758 tyrannorum
1238 1716 1355 1747 more
1375 1705 1579 1747 mundum

180 1773 424 1815 moderatur
454 1773 709 1826 saepiusque
740 1774 828 1828 ejus
860 1773 1092 1816 dominatio
1124 1773 1371 1816 crudelitate
1406 1778 1580 1816 notatur

179 1854 231 1884 ac
253 1841 485 1895 saevitia-⁸)
527 1841 783 1894 Sophocleus
805 1855 903 1884 vero
925 1842 1139 1895 Juppiter,
1171 1855 1254 1896 quo
1275 1843 1443 1885 nomine
1465 1856 1578 1885 sum—

179 1923 295 1953 mum
318 1923 472 1953 numen
492 1911 681 1964 appellat
701 1911 839 1965 poeta3
864 1924 1001 1954 nonne
1019 1915 1083 1954 est
1102 1911 1364 1965 omnipotens
1383 1915 1425 1954 et
1443 1915 1578 1955 aeter-

179 1980 322 2034 nus‚⁹)
359 1980 563 2034 benignus
605 1984 647 2023 et
678 1981 933 2033 misericors,
954 1980 1001 2034 ¹⁰)
1037 1981 1295 2035 justissimus
1335 1985 1378 2024 et
1414 1994 1579 2024 summa

179 2048 387 2102 sapientia
425 2049 663 2102 praeditus,
703 2049 941 2092 omnituens
981 2049 1269 2103 omniumque,
1314 2062 1422 2103 quae
1458 2049 1576 2102 fiunt,

180 2117 368 2171 gnarus?
386 2117 432 2170 ¹¹)
473 2117 649 2160 Justitia
680 2122 823 2161 tamen
853 2118 1080 2171 praecipue
1110 2118 1285 2171 insignis
1316 2118 1405 2160 odit
1429 2122 1473 2160 et
1501 2131 1579 2172 pu-

179 2186 243 2228 nit
279 2186 412 2229 malos
450 2190 493 2229 et
528 2187 761 2241 improbos,
779 2187 826 2242 ¹2)
864 2188 974 2230 dona
1015 2187 1314 2230 sceleratorum
1351 2199 1579 2241 precesque

279 2348 303 2388 ⁷)
328 2345 374 2380 V.
403 2345 470 2380 163
496 2346 551 2380 ed.
579 2345 702 2381 Herm.
730 2345 783 2381 Of.
809 2358 842 2381 v.
870 2345 938 2381 354
963 2357 1041 2391 sqq.

274 2405 306 2448 8)
335 2404 508 2450 Aeschyl.
526 2403 715 2438 Prometh.
737 2403 801 2438 187
820 2415 898 2449 sqq.
915 2403 983 2438 326
1004 2415 1057 2449 sq.
1076 2404 1143 2438 737
1156 2416 1234 2450 sqq.
1249 2404 1402 2438 Eumen.
1418 2404 1482 2438 631
1499 2415 1577 2450 sqq.

278 2462 308 2505 ¹¹)
335 2461 462 2507 Antig.
490 2473 522 2496 v.
545 2461 613 2496 605
630 2472 708 2506 sqq.
728 2462 783 2496 ed.
803 2461 1071 2497 Schneidewin.
1090 2461 1149 2508 Aj.
1167 2474 1200 2497 v.
1218 2462 1274 2497 86.
1292 2461 1335 2496 Ο.
1353 2461 1395 2496 R.
1414 2461 1481 2496 903
1498 2473 1576 2512 sqq.

182 2518 225 2552 Ο.
252 2518 289 2553 G.
315 2518 382 2553 607
408 2530 460 2564 sq.

280 2576 324 2619 ¹0)
352 2575 392 2610 O.
420 2575 459 2611 C.
487 2576 554 2610 238
580 2588 613 2611 v.
644 2580 681 2610 et
710 2577 809 2611 1268.

280 2632 324 2677 ¹¹)
351 2632 478 2678 Antig.
505 2645 537 2668 v.
567 2633 642 2669 184.
668 2633 784 2669 Elect.
811 2646 845 2668 v.
874 2634 940 2670 175
966 2638 1004 2669 et
1029 2634 1108 2670 658.
1135 2634 1176 2669 Ο.
1202 2633 1245 2668 R.
1274 2633 1350 2668 151.
1377 2633 1419 2668 O.
1443 2633 1481 2668 O.
1509 2634 1577 2670 622

182 2694 219 2725 et
248 2690 336 2724 1085
362 2701 442 2734 sqq.

280 2748 324 2789 ¹²)
351 2746 479 2791 Antig.
504 2747 581 2781 288.
610 2748 709 2782 1104.
736 2748 853 2782 Elect.
874 2748 963 2783 1382
980 2759 1033 2793 sq.
1051 2748 1180 2783 Trach.
1200 2748 1277 2783 280.
1296 2749 1334 2785 O.
1357 2748 1395 2783 O.
1416 2749 1505 2784 1536
1522 2760 1575 2795 sq.
