1776 3214
162 397 350 441 refutata
381 400 491 449 erat,
521 400 569 439 ut
598 409 666 440 res
697 397 740 440 in
763 396 1092 440 controversiam
1112 396 1290 451 amplius
1310 398 1452 442 vocari
1475 411 1558 441 non

162 470 318 521 posset.
386 466 546 509 Iccirco
586 466 709 509 multi
749 459 1007 519 temporibus
1054 465 1120 508 vel
1157 466 1454 510 recentissimis
1495 467 1558 509 in-

163 535 278 579 venti
316 539 434 589 sunt,
477 535 549 590 qui
589 535 812 590 repudiata
849 537 921 578 aut
960 532 1115 578 afflicta
1155 537 1198 578 et
1235 535 1357 590 quasi
1394 537 1560 590 perdita

162 618 273 649 nova
313 617 447 659 eaque
484 604 713 648 artificiosa
756 604 1121 659 argumentatione
1160 609 1235 647 aut
1265 606 1455 658 speciosa
1486 619 1557 648 ex-

162 674 391 730 plicatione
430 673 589 718 tuenda
630 686 679 718 ac
718 672 977 719 defendenda
1016 674 1276 729 susceperint
1313 673 1473 731 fatique
1516 676 1559 719 in

163 744 395 799 tragoediis
427 745 541 788 caeci
572 744 735 788 alacres
766 748 966 798 patronos
1004 757 1049 787 se
1086 744 1264 798 professi
1302 745 1398 788 sint.
1408 745 1442 799 2)
1500 746 1559 788 Iis

165 814 362 868 deinceps
389 813 487 857 novi
510 814 759 857 exstiterunt
792 813 1033 867 adversarii,
1064 813 1108 857 in
1128 826 1305 868 quorum
1327 827 1559 868 numerum,

165 883 391 928 dummodo
412 896 465 926 ne
486 886 738 935 tentaturus,
770 883 872 937 quid
893 883 936 925 in
959 895 1009 926 ea
1028 896 1075 926 re
1089 883 1250 936 possim
1271 882 1419 937 γλαῦκ’
1445 883 1560 938 Αθή-

165 951 262 999 ναζε
293 951 466 1005 ἀγαγεῖν
503 952 648 995 videar
679 956 721 995 et
750 951 1053 1006 reprehendar,
1092 952 1206 1006 quod
1245 955 1310 995 tot
1340 951 1451 996 docti
1481 951 1559 996 So-

163 1021 439 1076 phoclearum
468 1021 709 1066 fabularum
739 1022 1034 1066 aestimatores
1060 1023 1149 1077 jam
1179 1022 1288 1066 vires
1319 1035 1417 1066 suas
1448 1015 1562 1076 peri-⁴

165 1091 301 1134 clitati
336 1091 441 1145 sint,
487 1104 555 1135 me
602 1104 769 1147 quoque
814 1091 1089 1135 novissimum
1132 1091 1209 1135 fati
1254 1105 1305 1135 ex
1344 1091 1560 1135 hominum

166 1160 291 1213 culpa
321 1161 541 1214 pendentis
572 1164 929 1215 propugnatorem
958 1160 1106 1204 referri
1137 1161 1280 1217 velim.
1317 1161 1415 1204 Jam
1436 1161 1471 1203 si
1492 1173 1560 1203 res

164 1229 226 1272 ita
256 1241 302 1272 se
331 1228 517 1283 haberet,
548 1233 596 1273 ut
627 1229 686 1272 illi
711 1233 874 1284 putant,
905 1230 990 1284 qui,
1022 1230 1134 1284 quod
1154 1243 1231 1273 nos
1254 1230 1305 1273 de
1325 1228 1560 1273 fabularum

164 1299 465 1341 constitutione
495 1303 540 1342 et
569 1304 720 1342 natura
743 1299 948 1342 habemus
973 1300 1132 1354 judicio
1163 1302 1411 1354 repugnant,
1443 1311 1561 1342 acer-

164 1367 340 1411 bissima
370 1368 555 1422 quadam
591 1368 786 1412 fortunae
816 1368 1039 1423 iniquitate
1068 1367 1208 1422 fieret,
1245 1372 1294 1412 ut
1330 1368 1455 1412 homo
1495 1369 1561 1411 in-

165 1437 488 1480 nocentissimus
520 1438 669 1480 erratis
701 1451 752 1480 ac
772 1438 1016 1481 criminibus
1047 1438 1202 1481 invitus
1233 1451 1279 1481 se
1303 1438 1488 1481 irretiret
1518 1443 1562 1481 et

164 1505 287 1549 fatali
317 1506 610 1549 succumberet
639 1505 845 1551 fortunae.
902 1507 1176 1560 Concedatur,
1207 1510 1256 1550 ut
1287 1507 1410 1551 turba
1440 1520 1562 1562 agre-

164 1576 294 1619 stium
330 1576 678 1630 indoctorumque
709 1576 968 1620 Graecorum
1006 1576 1245 1628 crediderit,
1286 1580 1447 1620 mentes
1486 1576 1561 1619 ho-

164 1645 325 1688 minum
346 1644 565 1688 voluntate
589 1645 724 1689 libera
745 1646 947 1699 spoliatas
967 1645 1218 1688 necessitate
1247 1644 1323 1688 fati
1350 1645 1562 1688 devinciri.

166 1713 280 1758 Satis
310 1718 455 1757 tamen
485 1714 628 1757 mirari
668 1728 753 1758 non
790 1727 981 1770 possum,
1023 1715 1134 1758 unde
1172 1714 1444 1758 eruditissimi
1483 1714 1561 1758 viri

167 1784 222 1826 ad
253 1784 381 1827 istam
417 1784 525 1837 lapsi
565 1784 650 1826 sint
702 1784 958 1838 opinionem,
1009 1783 1278 1838 Sophoclem,
1325 1783 1562 1838 piissimum

167 1853 429 1908 eundemque
459 1852 842 1908 ingeniosissimum
861 1857 1014 1907 vatem,
1047 1866 1171 1908 quem
1202 1853 1245 1897 in
1277 1866 1338 1906 ea,
1369 1866 1478 1907 quae
1508 1854 1562 1896 ad

165 1923 297 1965 vitam
328 1934 549 1975 moresque
579 1922 794 1965 hominum
825 1926 1038 1976 spectant,
1078 1922 1191 1964 haud
1222 1922 1374 1964 obtusa
1408 1922 1561 1964 mentis

165 1991 254 2033 acie
275 1990 543 2044 inquisivisse
564 1991 810 2044 animosque
832 1991 1071 2034 mortalium
1095 1990 1361 2045 perspexisse
1382 1993 1561 2043 constat,

166 2060 209 2102 id
239 2059 318 2103 sibi
351 2058 509 2114 fingere
541 2060 775 2114 potuisses&
834 2059 1084 2103 Aristoteles
1116 2072 1271 2102 numne
1302 2059 1345 2101 in
1377 2068 1561 2102 errorem

264 2175 296 2219 ²)
329 2174 547 2220 Bernhardy
572 2174 800 2218 „Grundriss
826 2174 893 2208 der
917 2173 1053 2218 griech.
1079 2173 1232 2208 Literat.
1274 2173 1313 2207 Τ.
1339 2173 1397 2213 ΙΙ,
1422 2184 1457 2218 p.
1483 2172 1562 2206 806.

166 2230 399 2266 Heinemann
427 2230 524 2274 „Zur
549 2231 823 2267 aesthetischen
848 2230 976 2265 Kritik
996 2242 1070 2266 von
1088 2230 1293 2276 Sophokles
1311 2230 1437 2275 Konig
1454 2229 1562 2265 Oedi-

167 2291 268 2333 pus“.
306 2289 596 2333 Braunschweig
631 2288 731 2323 1858.
771 2288 794 2323 i.
820 2288 894 2322 sch.
945 2287 1199 2322 Gravenhorst
1224 2288 1311 2330 „das
1337 2286 1563 2332 griechisohe

166 2345 361 2379 Theater“.
410 2345 476 2379 Dr.
515 2345 668 2380 Platner
704 2344 854 2389 „Ueber
891 2344 950 2379 die
986 2344 1075 2380 Idee
1112 2345 1178 2380 der
1209 2343 1489 2389 Gerechtigkeit
1524 2343 1562 2377 in

166 2402 372 2449 Aeschylus
397 2403 474 2437 und
499 2402 716 2448 Sophokles.
760 2402 912 2448 Leipzig
939 2401 1040 2437 1858.
1082 2400 1334 2437 Schneidewin
1365 2400 1561 2446 ‚‚Einleitg.

166 2471 210 2494 zu
235 2459 325 2494 Oed.
351 2459 461 2506 Ἐμέ(
488 2459 544 2494 ed.
572 2459 740 2505 Sophocl.

262 2518 293 2563 ³)
319 2517 473 2553 Kolster
497 2517 812 2564 „Sophokleische
839 2517 1026 2553 Studien.“
1065 2516 1167 2552 1859.
1201 2516 1305 2551 Aufs.
1331 2515 1398 2550 IX.
1439 2514 1562 2562 Haqe-

166 2586 282 2610 mann
307 2576 376 2618 „de
401 2575 477 2610 fato
503 2575 732 2621 Sophocleo“
757 2587 793 2621 p.
818 2575 868 2609 H.
894 2574 1073 2610 Bielefeld
1100 2573 1199 2610 1858.
1231 2572 1459 2619 Beryenroth
1484 2573 1563 2616 „Ist

166 2633 234 2668 der
257 2632 385 2678 Konig
409 2632 572 2679 Oedipus
591 2633 656 2668 des
675 2632 880 2679 Sophokles
898 2632 979 2667 eine
998 2630 1404 2676 Schiksalstragoedie‘l
1436 2630 1562 2666 Thorn

168 2689 270 2725 1861.
296 2689 319 2723 i.
345 2689 420 2724 sch.

260 2746 293 2791 ⁴)
327 2745 396 2781 Ed.
422 2746 568 2783 Weber.
599 2768 644 2773 —
669 2748 787 2783 Jacob
798 2747 825 2782 's
858 2747 1036 2782 Academ.
1066 2746 1212 2782 Reden:
1247 2744 1458 2792 Erziehung
1494 2745 1561 2780 der

166 2804 349 2839 Hellenen
374 2816 438 2839 zur
464 2803 705 2846 Sittlichkeit;
732 2805 857 2840 adnot.
884 2804 937 2840 44.
