1776 3214
840 280 844 284 .
894 241 921 286 5

210 391 477 444 aspernatur,
494 385 541 442 ¹³)
581 398 708 441 puros
737 387 1007 441 integrosque
1037 389 1153 429 amat
1183 390 1226 429 et
1255 386 1437 429 honorat
1452 385 1498 440 ¹⁴¹)
1529 396 1607 428 nec

213 459 322 503 tanti
354 456 495 501 omnia
527 456 611 498 alia
641 456 684 498 in
714 455 952 499 hominibus
984 456 1196 508 aestimat,
1226 456 1375 510 quanti
1404 454 1606 498 virtutem

212 540 261 571 ac
289 526 544 580 religionem.
561 524 607 579 ¹⁵)

326 597 481 638 Fatum
511 593 655 648 igitur,
701 592 814 646 quod
851 592 894 634 in
933 593 1153 647 tragoedia
1190 606 1281 636 esse
1320 597 1364 636 et
1399 593 1605 636 dominari

211 666 396 716 videtur,
439 677 491 706 ex
520 662 757 713 hominum,
800 674 906 715 quos
945 662 988 703 in
1017 660 1168 705 fabulis
1198 662 1402 705 inducunt
1432 663 1605 716 loquen-

209 738 358 788 tesque
389 737 432 775 et
462 735 635 786 agentes
663 730 823 774 faciunt
853 734 1023 784 poetae,
1054 731 1177 784 culpa
1206 731 1361 785 pendet
1381 744 1513 785 eaque
1544 735 1605 774 te-

211 806 346 845 netur.
396 802 461 845 Ex
500 814 551 844 ea
589 800 711 854 culpa
742 803 834 842 orta
875 812 1026 843 caussa
1057 811 1250 842 caussam
1291 812 1433 842 serens
1471 798 1607 841 fatum

212 870 360 924 efficit;
406 874 481 913 aut
510 874 559 913 ut
587 869 775 924 apertius
804 882 896 912 rem
927 868 1152 922 explicem,
1193 867 1328 911 fatum
1358 871 1526 912 constat
1556 880 1607 911 ex

211 940 495 995 perpetiendis
535 939 679 991 malis,
726 937 876 992 quibus
917 938 1068 981 delicto
1110 938 1300 981 obstricti
1339 937 1607 992 peccatisque

212 1010 380 1053 obnoxii
417 1008 577 1052 nullam
614 1020 750 1062 usque
787 1007 1001 1051 doloribus
1032 1007 1322 1061 molestiisque
1351 1006 1606 1050 levationem

211 1078 489 1129 invenientes,
521 1077 792 1120 acerbissime
822 1078 1126 1120 excruciantur.
1176 1076 1404 1130 Nunquam
1434 1088 1533 1117 vero
1563 1075 1607 1116 in

211 1145 459 1200 tragoediis,
490 1149 539 1188 ut
558 1145 724 1200 saepius
747 1146 789 1188 in
810 1145 1026 1189 hominum
1048 1145 1134 1188 vita
1155 1143 1434 1187 animadverti
1455 1145 1607 1198 potest,

210 1214 371 1256 semina
408 1215 518 1256 mala
556 1215 790 1268 stirpesque
827 1214 1016 1257 nefastae
1046 1214 1180 1267 primo
1212 1217 1402 1267 tempore
1431 1225 1608 1255 casuum

209 1282 391 1326 felicium
411 1282 583 1327 fortuito
603 1283 842 1327 interventu
863 1283 1155 1338 opprimuntur
1176 1286 1251 1326 aut
1270 1283 1607 1337 exstinguuntur.

209 1352 319 1397 Nem
350 1364 524 1405 numen,
556 1353 668 1406 quod
696 1365 763 1394 res
793 1353 1000 1394 humanas
1030 1356 1230 1405 procurat
1248 1352 1449 1405 legesque
1469 1354 1607 1393 aeter-

209 1433 286 1463 nas
307 1420 593 1473 administrat,
614 1421 649 1463 si
670 1420 763 1475 quis
783 1420 984 1475 religione
999 1420 1157 1463 violata
1172 1433 1199 1463 a
1215 1420 1352 1463 bonae
1367 1419 1607 1473 probaeque

209 1489 321 1532 vitae
356 1491 519 1532 ratione
549 1489 760 1540 discessit,
800 1490 914 1532 nullo
945 1490 1146 1543 temporis
1177 1493 1332 1543 puncto
1364 1489 1604 1531 intermisso

210 1559 377 1602 assidue
406 1559 450 1602 id
480 1559 587 1614 agit,
618 1563 667 1601 ut
695 1558 812 1602 nefas
843 1563 886 1602 et
917 1560 1078 1602 scelera
1103 1559 1146 1601 in
1173 1559 1377 1602 violatore
1399 1557 1607 1611 expiet.¹⁶)

326 1627 422 1670 Jam
454 1628 489 1670 si
520 1628 612 1682 quis
642 1632 802 1671 temere
833 1640 1004 1671 currens
1035 1628 1253 1680 corruerit,
1286 1628 1375 1682 ejus
1406 1627 1531 1680 culpa
1563 1627 1606 1669 id

181 1727 185 1729 -
209 1695 270 1738 illi
301 1696 529 1751 contigisse
559 1697 768 1750 dicemus;
800 1696 837 1739 si
866 1696 917 1739 in·
940 1700 1110 1744 terram,
1120 1697 1285 1740 delatus
1307 1709 1402 1740 crus
1433 1695 1606 1750 fregerit

210 1768 285 1808 aut
306 1764 512 1818 collapsus
543 1766 728 1809 animam
750 1766 974 1820 efflaverit,
1004 1767 1057 1810 de
1088 1779 1191 1810 casu
1212 1770 1287 1809 aut
1316 1766 1472 1809 misera
1493 1769 1606 1808 sorte

210 1833 348 1887 questi
380 1834 545 1887 culpam
576 1838 719 1878 tamen
751 1849 777 1878 a
807 1839 972 1878 mortuo
1003 1836 1228 1879 demovere
1262 1848 1345 1878 non
1376 1834 1608 1888 poterimus

209 1906 337 1957 atque
376 1903 490 1946 haud
528 1904 613 1947 scio
651 1917 704 1948 an
741 1905 882 1959 plures
920 1904 1050 1949 futuri
1086 1905 1186 1958 sint,
1233 1904 1306 1959 qui
1336 1903 1607 1947 miseratione

210 1972 384 2026 dignum
407 1973 549 2016 'virum
578 1973 710 2016 vitam
740 1975 989 2028 perdidisse,
1030 1986 1156 2029 quam
1186 1975 1258 2028 qui
1289 1973 1480 2016 amisisse
1510 1986 1605 2016 eam

210 2042 477 2085 contendant.
495 2041 541 2097 Π)
594 2043 848 2098 Plerumque
879 2043 944 2096 fit,
991 2057 1086 2087 cum
1125 2043 1213 2098 igni
1243 2045 1401 2085 temere
1434 2042 1604 2085 admoto

209 2111 359 2153 domus
390 2115 464 2154 aut
493 2115 630 2154 totum
652 2113 851 2166 oppidum
882 2112 1174 2167 deflagraverit
1203 2112 1408 2165 multique
1439 2111 1602 2154 incolae

212 2179 408 2222 domicilii
433 2181 643 2235 jacturam
672 2180 847 2225 fecerint
867 2186 942 2226 aut
971 2182 1108 2236 ipsam
1129 2181 1260 2223 vitam
1289 2180 1526 2233 amiserint,
1558 2184 1607 2223 ut

209 2248 399 2292 homines
430 2250 541 2292 malo
571 2249 733 2304 ingenti
764 2254 807 2294 et
837 2252 1052 2305 inopinato
1073 2250 1307 2304 perturbati
1327 2250 1371 2292 in
1392 2249 1605 2292 fortunam

210 2317 375 2372 culpam
415 2318 623 2362 declinent
659 2320 883 2375 invidoque
918 2320 1006 2364 fato
1038 2319 1276 2363 attribuant
1307 2318 1605 2363 calamitatem.

307 2455 352 2501 ¹³)
378 2455 494 2491 Elect.
522 2456 601 2493 637.
635 2457 676 2493 Ο.
703 2458 747 2493 R.
773 2457 851 2493 920.

307 2513 352 2558 14)
380 2513 420 2548 O.
448 2513 485 2548 O.
513 2514 579 2549 279
604 2526 673 2561 sqq
711 2515 789 2551 394.

309 2571 353 2616 ¹⁵)
379 2571 535 2607 Philoct.
559 2584 594 2606 v.
623 2572 808 2608 1442-4.
838 2585 859 2607 a
884 2571 1110 2607 Schneidew.
1144 2571 1258 2618 spurii
1284 2572 1404 2607 habiti
1428 2573 1603 2617 uncisque

210 2626 351 2665 inclusi.
369 2628 604 2675 Hagemann,
627 2630 673 2666 de
689 2630 765 2666 fato
787 2630 899 2677 Soph.
918 2630 1063 2666 Steiner
1080 2629 1229 2674 „Ueber
1247 2630 1307 2667 die
1323 2631 1413 2667 Idee
1431 2635 1499 2666 etc.
1519 2642 1551 2676 p.
1571 2630 1602 2666 7.

308 2687 352 2730 ¹⁰)
380 2686 422 2723 O.
448 2686 486 2721 O.
514 2700 547 2722 v.
575 2688 642 2723 280
666 2700 743 2734 sqq.
770 2692 807 2723 et
835 2688 923 2723 1536
949 2700 1027 2733 sqq.

308 2744 353 2787 Π)
379 2742 627 2789 Heinemann‚
654 2757 736 2792 pag.
766 2746 818 2781 1Ὀ.
