1776 3214
867 227 930 275 32

194 379 237 420 et
266 376 516 431 postulavit,
548 380 597 421 ut
617 377 656 422 ei
686 377 930 433 iteraretur,
961 378 1081 434 quasi
1103 379 1298 435 contagio
1320 380 1504 435 quodam
1534 379 1596 425 af-

192 445 387 490 fectionis
435 447 719 503 intcmperata
757 448 899 493 uxoris
944 447 1158 494 hilaritate
1203 454 1458 505 commotus,
1507 454 1595 495 tam

190 518 350 576 lamenti
380 517 545 562 laetitia
576 521 642 563 est
673 522 908 574 correptus,
940 522 988 563 ut
1018 533 1070 564 ex
1090 533 1163 564 ore
1193 520 1477 576 impurissimo
1499 534 1598 566 evo-

192 591 327 631 meret
357 588 552 642 querelas
583 589 810 632 insolentes
842 590 893 632 de
925 589 1117 644 Delphici
1150 590 1307 634 oraculi
1343 589 1522 634 fallaciis
1554 594 1598 633 et

192 657 409 702 fraudibus
446 661 575 714 atque
607 658 808 704 cavillans
840 662 883 703 et
914 671 1011 704 cum
1040 659 1186 705 aculeo
1218 660 1401 716 quodam
1431 659 1594 705 facetus

192 728 385 784 adderet,
416 729 612 775 videlicet
642 743 688 775 se
718 730 830 786 patri
861 744 937 776 suo
959 735 1138 776 mortem
1160 745 1244 776 non
1276 732 1483 786 intulisse,
1514 732 1596 775 nisi

191 799 300 842 forte
337 800 407 843 ille
437 800 643 844 desiderio
682 799 848 845 funesto
880 801 953 846 filii
984 802 1179 846 incensus
1210 802 1322 846 diem
1353 802 1595 857 supremum

192 869 382 915 obiisset!
426 870 579 915 Omnia
601 871 770 915 oracula
799 871 946 927 igitur,
977 876 1026 916 ut
1056 872 1249 927 improba
1269 876 1313 916 et
1341 871 1469 926 falsa,
1501 884 1595 916 cum

192 940 350 995 Polybo
371 940 415 984 in
436 941 612 985 Tartaro
638 942 782 997 jacere
807 942 939 998 jubet.
980 943 1080 987 Mox
1107 946 1251 987 tamen
1270 942 1417 986 incidit
1446 942 1488 986 in
1509 942 1594 997 pri-

191 1010 324 1054 stinas
355 1010 641 1055 dubitationes
664 1012 925 1068 subtilesque
947 1014 1228 1070 conjecturas,
1260 1016 1304 1057 et
1324 1012 1595 1068 quantumvis

190 1081 330 1136 impiis
361 1084 404 1125 et
433 1081 598 1125 levibus
622 1081 744 1126 dictis
774 1082 943 1128 Iocaste
973 1083 1168 1128 timorem
1197 1082 1344 1128 tollere
1373 1085 1596 1128 conaretur

191 1165 424 1208 omnesque
443 1151 632 1197 rationes
649 1152 924 1208 depellendae
941 1167 1068 1199 curae
1085 1153 1273 1209 afferret,
1294 1154 1528 1210 periculum
1545 1166 1594 1197 ex

192 1223 387 1278 conjugio
405 1235 500 1266 cum
516 1226 652 1266 matre
670 1223 845 1278 Merope
861 1225 1082 1279 praedicto
1100 1228 1289 1269 metuere
1304 1236 1389 1267 non
1402 1223 1594 1276 desiit.⁷²)

307 1293 514 1337 Nuntium
552 1306 635 1337 non
677 1292 827 1349 effugit
871 1293 1132 1349 perturbatio
1174 1292 1326 1348 Oedipi
1364 1296 1407 1337 et
1446 1304 1594 1337 caussa

192 1364 281 1418 ejus
314 1362 547 1407 affectionis
570 1363 738 1418 cognita
769 1363 930 1407 solatur
950 1377 1092 1419 regem
1124 1363 1357 1417 affirmanS,
1389 1361 1592 1417 Polybum

191 1437 235 1477 et
264 1432 466 1488 Meropen
506 1446 590 1477 non
631 1445 723 1477 esse
770 1434 858 1489 ejus
897 1437 1114 1489 parentes,
1160 1434 1271 1489 quod
1317 1435 1430 1476 certo
1475 1431 1593 1484 sciat,

191 1515 322 1557 quum
355 1516 451 1546 eum
483 1503 583 1546 olim
614 1503 861 1557 parvulum,
893 1504 1071 1558 pedibus
1102 1500 1359 1559 perforatum
1390 1501 1592 1545 infantem

191 1585 216 1615 a
248 1573 343 1616 Laii
373 1573 487 1628 regis
520 1576 690 1627 pastore
721 1572 764 1616 in
796 1577 940 1617 monte
969 1573 1220 1617 Cithaerone
1251 1575 1473 1627 acceptum
1503 1571 1592 1625 regi

191 1642 407 1687 Corinthio
438 1641 671 1687 tradiderit
687 1642 737 1698 ⁷⁸)
775 1641 953 1698 (989-
971 1640 1114 1698 1076.)
1184 1642 1282 1687 Jam
1305 1640 1499 1696 'Iocaste,
1540 1642 1592 1685 de

290 1782 335 1828 Π)
361 1781 472 1817 Haud
496 1782 599 1818 molli
624 1781 797 1819 bracchio
822 1782 1030 1820 Wiillnerus
1057 1782 1102 1819 de
1134 1781 1383 1819 inconstantia
1409 1780 1591 1829 Oedipum

193 1841 406 1887 objurgavit
416 1853 424 1883 ;
442 1851 535 1887 quae
553 1841 726 1887 quoniam
743 1841 863 1877 faceta
880 1845 966 1877 sunt
983 1844 1021 1877 et
1037 1853 1083 1878 ne
1101 1842 1232 1887 longus
1247 1841 1315 1877 sim
1327 1840 1452 1888 paucis
1467 1839 1591 1876 verbis

189 1899 278 1934 mihi
296 1899 435 1933 referre
460 1899 585 1934 liceat:
613 1900 674 1942 „Si
692 1899 761 1943 vir,
786 1899 916 1944 inquit,
942 1902 1018 1934 tam
1043 1899 1266 1942 inconstans,
1292 1898 1354 1945 qui
1373 1897 1494 1933 animo
1513 1897 1591 1943 qui-

189 1956 273 1993 dem
299 1957 346 1993 ad
370 1957 528 1993 salutem
545 1955 687 1993 civibus
704 1957 893 1993 serendam
910 1960 948 1992 et
966 1957 1012 1992 ad
1030 1958 1152 1993 omnia
1170 1958 1268 1993 bona
1284 1967 1470 2004 propenso
1486 1966 1592 2002 prae-

189 2014 287 2050 ditus
312 2015 415 2050 varie
440 2017 565 2050 tamen
592 2025 637 2049 ex
658 2019 827 2062 tempore
852 2015 972 2061 aliqua
990 2015 1036 2051 de
1053 2026 1182 2051 caussa
1199 2016 1366 2058 afficitur,
1392 2013 1453 2060 qui
1471 2018 1589 2056 necat,

191 2073 363 2119 injuriam
388 2073 517 2117 infert,
543 2072 605 2119 qui
631 2073 720 2109 deos
745 2073 921 2121 implorat
946 2077 984 2109 et
1008 2073 1152 2120 spernit
1176 2076 1214 2109 et
1238 2084 1365 2109 rursus
1389 2071 1532 2116 metuit,
1558 2071 1589 2107 si

188 2131 272 2167 talis
298 2131 356 2166 vir
380 2131 574 2178 religiosus
608 2135 830 2179 sanctusque
854 2132 983 2168 haberi
1009 2134 1153 2180 potest,
1189 2132 1278 2168 deus
1313 2142 1379 2168 nos
1414 2130 1590 2168 defendat

187 2192 233 2226 ab
259 2190 439 2236 improbis
465 2194 503 2226 et
527 2191 668 2237 impiis,
703 2191 902 2226 dummodo
928 2202 973 2226 ne
998 2191 1074 2226 sint
1097 2191 1287 2235 meliores,
1324 2184 1438 2237 quum>
1469 2190 1516 2225 ab
1542 2189 1587 2224 iis

189 2260 321 2285 cavere
346 2248 571 2296 possimus!“
598 2261 681 2297 pag.
709 2249 740 2285 9.

288 2310 327 2353 ⁷⁸)
354 2308 435 2344 Hoc
460 2308 541 2345 loeo
567 2310 763 2355 conjuncta
788 2311 844 2344 est
864 2309 1074 2354 περιπέτειαι
1100 2312 1137 2344 et
1155 2307 1409 2354 rivaruaipwcq.
1444 2307 1589 2343 Aristo-

188 2367 281 2402 teles
306 2369 406 2413 poet.
443 2366 496 2402 11.
530 2366 576 2401 de
607 2367 789 2413 peripetia
822 2367 890 2402 hae
922 2367 1029 2402 dicit:
1064 2366 1246 2410 „Nuntius
1278 2366 1383 2402 venit
1413 2368 1587 2412 tanquam

187 2425 368 2461 laetitiam
402 2425 579 2460 allaturus
612 2425 795 2473 Oedipodi
829 2437 984 2471 eumque
1021 2428 1121 2461 metu
1155 2425 1378 2461 liberaturus
1411 2424 1587 2459 adversus

188 2487 363 2526 matrem,
398 2487 452 2528 et,
485 2487 527 2518 ut
559 2484 722 2530 aperuit,
756 2484 923 2529 quisnam
951 2486 1066 2527 esset,
1100 2483 1324 2518 contrarium
1350 2482 1470 2517 fecit.“
1511 2483 1588 2528 (Ita

188 2542 285 2576 hunc
315 2542 435 2577 locum
469 2542 584 2578 latine
618 2542 781 2578 reddidit
806 2543 853 2579 A.
879 2541 1144 2587 Riccobonus.)
1202 2540 1424 2576 Aristoteles
1449 2540 1587 2577 ibidem

188 2599 415 2645 agnitionem
434 2601 717 2646 pulcherrimam
745 2611 826 2636 esse
851 2604 978 2636 censet
1003 2611 1094 2644 eam,
1121 2611 1233 2646 quum
1258 2599 1365 2634 simul
1384 2599 1586 2647 peripetiae

186 2658 288 2702 fiant,
328 2662 370 2693 ut
407 2670 446 2693 se
483 2660 520 2694 in
561 2659 753 2706 Oedipode
790 2659 963 2695 habeat.“
1006 2658 1059 2695 Cf.
1085 2658 1252 2704 Lessing.
1302 2657 1586 2705 Hamburgiseh.

185 2717 352 2753 Dramat.
387 2716 509 2761 1.‚38.
536 2717 667 2762 Stiick‚
705 2719 785 2754 aliis
817 2717 924 2754 locis:
963 2720 1001 2752 et
1037 2728 1131 2763 quae
1168 2716 1215 2752 de
1252 2726 1296 2751 ea
1332 2726 1372 2752 re
1403 2717 1586 2765 copiosius

187 2776 472 2826 disputaverunt
497 2776 731 2824 Bergenroth
757 2779 794 2813 et
819 2776 1063 2813 Heinemann.
