1776 3214
771 278 834 323 37

111 427 251 479 cepta,
298 437 407 479 quae
448 425 500 469 de
545 425 763 480 tragoedia
809 425 982 470 tradidit
1017 425 1284 477 Aristoteles,
1328 424 1495 480 religio-

109 493 275 537 sissime
304 498 403 537 sunt
423 494 662 548 observata,
696 494 889 538 omnibus
911 495 1097 538 numeris
1118 495 1333 547 absoluta,
1365 506 1496 549 quum

110 567 153 606 et
182 561 515 608 misericordiam
555 567 599 607 et
628 576 828 619 pavorem
858 564 1137 608 conditionem
1177 564 1328 619 Oedipi
1369 564 1495 608 mise-

108 645 283 689 ramque
314 633 390 677 sed
420 633 614 677 meritam
644 632 735 688 ejus
764 636 920 677 sortem
958 632 1219 677 intuentibus
1259 633 1495 688 moveat⁸⁷)

199 795 248 840 θ’)
273 794 427 830 Aristot.
454 798 551 841 poet.
579 793 720 829 uste?
746 792 820 840 γὰρ
853 793 910 827 καὶ
936 791 1025 827 ἄνευ
1051 795 1118 827 τοῦ
1142 794 1234 838 ὁρᾶν
1259 817 1305 823 -.
1330 792 1425 838 ἅπερ
1451 792 1494 826 ἂν

110 852 223 887 πάθοι
248 864 306 892 τις
327 851 471 886 ἀκούων
508 851 569 885 τὸν
602 853 668 886 τοῦ
705 850 901 890 Οἰδίποδος
921 851 1053 892 μῦθον.
1105 850 1354 893 Heinemann,
1392 862 1428 897 p.
1465 850 1496 886 3.

107 911 208 946 nisus
232 909 303 946 hoc
317 921 408 954 uno,
432 909 532 956 quod
546 909 793 945 Dicaearchus
812 909 849 942 ἐν
877 909 1054 943 ὑποθέσει
1071 909 1271 944 memoriae
1287 908 1495 952 tradiderit,

108 968 344 1015 Sophoclem,
368 979 481 1014 quum
496 967 658 1003 fabulam
674 967 770 1002 hanc
786 970 934 1012 ageret,
958 966 1117 1012 palmam
1142 977 1216 1002 non
1241 966 1411 1001 retulisse
1429 966 1496 1001 sed

107 1025 261 1061 Philocli
284 1025 465 1061 nescimus
489 1036 599 1071 quam
623 1023 784 1062 fabulam
809 1024 936 1071 agenti
961 1019 1086 1059 data'm
1112 1035 1211 1067 esse,
1236 1024 1313 1059 fere
1338 1024 1498 1070 plurima

107 1084 144 1119 in
168 1083 362 1131 tragoedia
385 1083 521 1120 vitiosa
544 1093 625 1119 esse
650 1082 792 1118 censuit
815 1082 1042 1129 multumque
1067 1082 1113 1118 de
1138 1082 1257 1129 gloria
1285 1085 1324 1117 et
1347 1082 1497 1128 ingenio

107 1146 240 1189 poetae
264 1141 461 1177 detrahere
485 1145 542 1177 est
565 1145 728 1177 conatus.
757 1162 790 1167 -
824 1141 925 1184 Quae
948 1141 1094 1188 singula
1117 1141 1291 1187 redargui
1314 1152 1389 1177 non
1406 1152 1498 1187 opus

107 1210 188 1235 esse
212 1210 419 1242 censemus,
452 1210 499 1234 ne
531 1199 569 1234 in
600 1199 784 1234 infinitum
809 1199 1010 1245 disputatio
1036 1202 1163 1234 nostra
1187 1198 1375 1244 procedat.
1424 1198 1496 1233 Ad.

108 1257 235 1298 Stahr,
261 1256 320 1292 die
345 1255 500 1293 Aristot.
527 1256 669 1292 Poetik.
695 1268 729 1303 p.
755 1256 811 1292 36.
839 1267 916 1302 sqq.

480 2802 630 2827 romaniae.
655 2801 722 2828 typis
746 2802 809 2823 Guil.
827 2802 933 2824 Dcekeri
949 2803 968 2824 dt
986 2803 1117 2825 Societntis
