1776 3214
829 285 891 333 25

164 438 231 493 (V.
265 434 350 479 1-—
366 433 453 491 13.)
494 433 618 480 Cives
649 434 819 478 maximi
850 438 953 479 natu
985 439 1027 479 et
1047 435 1354 490 praecellentes
1377 435 1559 489 pruden-

165 508 244 562 tia,
290 518 468 562 quorum
499 504 786 549 testimonium
817 505 1034 561 permagni
1066 508 1131 549 est
1160 505 1382 560 momenti,
1429 505 1560 549 talem

166 591 261 623 esse
299 589 442 632 regem
484 574 734 630 profitentur
764 580 808 620 et
838 579 1090 631 agnoscunt,
1130 576 1172 619 in
1204 589 1346 619 amore
1378 580 1420 619 et
1452 576 1559 619 deli—

166 648 243 693 ciis
281 646 398 690 illum
438 644 517 689 diis
550 657 645 688 esse
685 657 736 689 ac
768 645 820 688 de
860 645 978 689 coelo
1018 645 1247 689 demissum
1278 645 1466 698 Thebas,
1513 650 1561 689 ut

164 718 311 762 urbem
336 729 363 760 a
383 715 504 760 clade
523 715 738 770 liberaret-¹,
770 728 897 769 quam
918 715 979 758 illi
999 716 1148 769 sphinx
1170 714 1357 768 afferret,
1389 729 1559 770 oppres-

165 799 258 831 sam
287 783 627 842 kalamitatibus,
672 782 873 828 afflictam
924 787 967 827 et
1006 783 1093 827 fere
1131 783 1338 838 perditam
1377 785 1559 839 patriam

165 855 349 901 erexisse
388 858 432 898 et
469 867 692 899 recreasse.
733 855 800 910 (V.
840 854 952 896 14-
969 853 1043 909 57)
1098 855 1182 897 Diu
1219 855 1348 909 igitur
1384 854 1562 899 feliciter

166 926 372 981 Oedipum
392 937 591 980 regnasse
612 927 859 981 argumento
881 924 1048 968 fabulae
1069 923 1282 979 probatur.
1323 924 1429 968 Post
1453 925 1560 969 mul—

165 1001 232 1041 tos
265 1008 398 1040 annos
430 998 573 1039 tamen
586 994 638 1050 ⁶⁵)
669 998 842 1049 repente
873 994 1041 1040 fortuna
1071 994 1244 1038 turbare
1276 995 1434 1048 coepit,
1477 999 1560 1039 ste-

163 1066 321 1111 rilitate
351 1064 518 1122 frugum
539 1065 648 1109 cives
679 1067 896 1120 premente
927 1068 970 1108 et
991 1067 1113 1120 peste
1143 1077 1269 1120 pecus
1299 1068 1342 1108 et
1371 1064 1560 1110 homines

165 1136 392 1181 auferente.
446 1135 655 1179 Invitatus
697 1135 843 1191 igitur,
890 1138 937 1179 ut
982 1138 1167 1179 tentaret
1207 1139 1250 1178 et
1292 1135 1562 1190 experiretur,

165 1206 366 1263 quidquid
397 1206 453 1250 ad
484 1206 666 1250 salutem
695 1205 882 1250 omnium
922 1205 1109 1250 conferre
1140 1210 1305 1260 posset,
1352 1219 1482 1261 quum
1515 1219 1560 1250 se

164 1276 334 1333 gravius
374 1276 626 1330 supplicium
656 1275 747 1330 pati
777 1289 905 1330 quam
936 1279 1110 1319 cunctos
1142 1276 1252 1319 cives
1291 1275 1557 1329 affirmasset,

166 1346 358 1390 omnibus
389 1343 586 1389 humanis
616 1345 812 1388 remediis
844 1344 1001 1388 frustra
1033 1345 1232 1389 adhibitis
1264 1346 1319 1389 ad
1341 1347 1558 1391 oraculum

165 1416 369 1472 Apollinis
408 1414 595 1471 confugit
625 1418 667 1459 et
696 1414 864 1459 affinem
897 1415 1120 1459 Creontem
1153 1415 1338 1471 Delphos
1366 1416 1493 1460 misit.
1508 1416 1561 1467 ⁶⁶)

166 1487 246 1540 Qui
276 1499 406 1542 quum
436 1485 631 1529 rediisset
662 1488 705 1529 et
734 1485 934 1529 acerbum
974 1485 1042 1529 dei
1071 1497 1324 1541 responsum
1363 1486 1441 1530 soli
1472 1487 1561 1543 regi

164 1571 210 1602 se
240 1557 379 1602 dicero
409 1555 515 1600 velle
536 1555 808 1610 declarasset,
841 1556 1026 1611 Oedipus
1058 1556 1309 1610 postulavit,
1340 1560 1389 1600 ut
1420 1570 1561 1602 coram

166 1626 320 1682 populo
357 1625 682 1670 renuntiaretur.
743 1625 836 1678 Qua
879 1638 925 1669 re
964 1629 1091 1680 poeta
1130 1626 1297 1682 egregie
1337 1626 1561 1682 descripsit

163 1701 359 1741 naturam
397 1708 621 1750 moresque
659 1696 821 1749 Oedipi.
881 1695 1182 1751 Cognosoimus
1224 1696 1355 1749 enim,
1402 1701 1561 1751 quanta

163 1767 290 1811 fuerit
318 1765 572 1811 liberalitate
604 1768 646 1809 et
676 1768 853 1820 quanta,
885 1765 997 1820 quod
1029 1765 1119 1821 ipse
1151 1778 1195 1809 se
1225 1778 1309 1810 non
1330 1767 1465 1821 novit,
1497 1780 1562 1811 se-

165 1838 344 1882 curitate
383 1839 426 1881 et
464 1836 770 1891 tranquillitate
819 1836 960 1879 animi.
1000 1836 1066 1890 (V.
1104 1834 1307 1892 53—94)
1363 1837 1557 1881 Phoebus

162 1911 305 1952 autem
344 1919 490 1952 necem
520 1905 614 1951 Laii
651 1906 856 1962 sanguine
885 1906 954 1950 vel
992 1906 1139 1951 exsilio
1177 1908 1439 1962 percussoris
1471 1908 1560 1963 pla-

164 1979 251 2023 cari
276 1978 416 2035 jussit.
458 1977 717 2030 Quaestione
748 1977 800 2021 de
831 1977 961 2021 caede
991 1975 1088 2021 Laii
1120 1978 1189 2021 vix
1219 1977 1415 2022 instituta
1445 1978 1557 2022 illico

164 2051 282 2093 certa
319 2047 474 2092 indicia
511 2047 685 2092 sceleris
726 2050 1032 2102 apparuerunt,
1081 2052 1124 2091 et
1165 2048 1355 2103 quamvis
1396 2048 1561 2103 longius

161 2117 351 2174 vestigiis
389 2130 480 2162 rem
509 2130 593 2161 non
624 2120 907 2173 persequutus
939 2120 1055 2161 esset
1086 2118 1291 2173 Oedipus,
1334 2121 1477 2162 tamen
1510 2130 1559 2162 ex

163 2202 230 2243 eo,
277 2188 389 2245 quod
427 2187 719 2244 investigavit,
765 2188 982 2233 evidenter
1022 2188 1278 2244 negligentia
1310 2193 1353 2232 et
1383 2189 1560 2233 tarditas

163 2260 252 2315 ejus
289 2259 419 2303 eluxit
450 2262 493 2302 et
522 2261 725 2314 quantam
756 2259 922 2314 culpam
952 2271 1003 2302 ea
1034 2259 1225 2303 socordia
1255 2263 1297 2303 et
1327 2259 1497 2315 ignavia
1517 2259 1560 2302 in

162 2342 207 2375 se
227 2329 319 2386 ipse
339 2342 415 2374 rex
435 2331 478 2374 et
498 2328 685 2374 Thebani
706 2329 963 2374 admiserint.
1004 2329 1032 2374 J
1034 2343 1102 2373 am
1123 2343 1222 2374 vero
1245 2329 1403 2384 Oedipo
1432 2343 1557 2384 quae-

162 2399 343 2444 stionem
373 2399 425 2443 de
455 2411 557 2443 nece
586 2399 761 2443 habenti
790 2399 953 2443 occa-sio
984 2400 1110 2443 datur
1140 2399 1434 2454 exprimendae
1465 2411 1561 2455 gra-

162 2470 225 2515 vis
255 2470 511 2525 sententiae,
543 2483 628 2526 qua
658 2469 899 2524 manifesto,
931 2470 1056 2526 quale
1087 2471 1175 2526 ejus
1200 2474 1312 2514 esset
1332 2470 1560 2526 ingenium,

164 2540 402 2585 declaravit.
443 2541 633 2585 Avaritia
664 2540 776 2584 enim
798 2544 842 2584 et
870 2540 1060 2596 privatae
1080 2540 1275 2584 utilitatis
1307 2540 1448 2584 studio
1479 2541 1562 2585 im-

161 2611 303 2665 pulsos
342 2611 475 2657 fuisse
514 2611 567 2657 ad
604 2610 763 2656 facinus
802 2612 1127 2667 perpetrandum
1159 2624 1430 2668 percussores
1464 2612 1559 2658 Laii

255 2773 302 2819 ⁶5²)
329 2773 403 2809 OR.
432 2786 464 2810 v.
490 2775 569 2811 561.

256 2832 305 2877 ⁶⁶)
328 2831 377 2868 ib,
404 2844 438 2868 v.
465 2832 545 2868 603.
