1776 3214
883 205 943 251 13

219 353 386 400 conscio
417 365 467 396 ac
496 351 702 406 participe
731 350 850 395 factO.
909 350 1059 406 Itaque
1099 351 1273 408 deorum
1310 350 1482 395 monitis
1518 364 1618 396 con-

216 423 440 467 tumaciter
469 421 621 476 spretis
651 421 779 464 Laius
809 420 980 464 arbitrio
1011 420 1089 464 fati
1109 421 1338 475 permissus
1360 434 1452 465 esse
1478 434 1616 476 neque

216 493 396 548 amplius
427 506 453 536 a
482 491 663 535 miseriis
694 503 740 533 se
771 490 932 544 eripere
961 490 1148 544 potuisse
1179 491 1435 535 credebatur.

333 561 534 605 Famulus
564 573 675 612 vero,
705 564 850 613 pastor
879 559 991 611 Laii,
1021 560 1295 602 humanitatis
1326 564 1443 603 motu
1474 562 1615 604 conci-

217 637 305 685 tus,
345 631 555 674 adducere
594 629 781 673 animum
817 628 930 671 nullo
968 628 1091 671 modo
1129 632 1312 682 poterat,
1352 633 1400 672 ut
1435 642 1613 683 puerum

216 705 404 753 necaret;
435 700 510 743 sed
540 700 707 751 veritus,
738 711 791 741 ne
812 698 924 740 dicto
954 710 1038 740 non
1065 697 1238 740 audiens
1269 710 1426 751 poenas
1446 699 1614 743 domino

217 770 438 825 penderet,
476 768 677 812 infantem
716 766 874 810 amovit
904 766 1146 820 pastorique
1185 766 1298 820 regis
1330 765 1535 810 Corinthii
1571 769 1615 811 in

206 825 360 884 'monte
402 839 652 882 Cithaerone
688 835 934 890 tradidit.³⁶)
993 836 1070 879 llle
1110 836 1333 889 puerulum
1370 838 1521 881 detulit
1562 839 1616 882 ad

217 908 433 951 dominum
469 919 610 955 suum,
657 906 711 948 ad
750 918 894 960 regem
932 905 1154 959 Polybum,
1196 906 1289 959 qui,
1333 907 1446 959 quod
1486 907 1615 951 orbus

218 982 329 1034 erat,
359 977 537 1031 benigne
568 976 737 1018 domum
770 978 988 1028 receptum
1020 987 1115 1017 cum
1137 975 1311 1028 conjuge
1342 987 1419 1017 sua
1439 976 1613 1030 Merope

218 1052 266 1091 ut
295 1046 427 1090 filium
459 1045 675 1089 educabat.
686 1044 738 1100 31)
790 1044 986 1098 Oedipus,
1018 1044 1079 1087 ita
1110 1043 1220 1087 enim
1251 1047 1352 1087 nota
1383 1044 1435 1088 de
1463 1058 1615 1089 caussa

219 1117 475 1166 nominatur,
488 1114 541 1170 3Β)
587 1127 710 1159 carus
750 1114 942 1157 omnibus
974 1117 1017 1157 et
1046 1112 1144 1156 felix
1175 1113 1376 1166 adolevit,
1412 1118 1531 1158 ratus
1568 1127 1615 1158 se

217 1185 352 1228 filium
382 1185 494 1238 regis
526 1184 730 1226 Corinthii
761 1197 863 1226 esse.
916 1183 999 1226 Sed
1030 1196 1158 1236 quum
1184 1183 1410 1235 aliquando
1440 1184 1483 1226 in
1514 1197 1615 1237 epu-

220 1255 272 1297 lis
305 1253 479 1297 conviva
508 1253 605 1295 vino
637 1252 812 1295 obrutus
843 1252 882 1294 ei
910 1251 1194 1305 exprobasset‚
1226 1251 1491 1305 suppositum
1521 1252 1614 1307 regi

221 1336 313 1365 esse
343 1321 553 1375 filium,³⁹)
585 1334 748 1363 summo
771 1321 901 1363 animi
931 1320 1074 1363 dolore
1096 1319 1271 1362 affectus
1301 1320 1410 1363 illico
1431 1325 1612 1364 matrem

312 1447 359 1486 ³⁶)
386 1445 426 1480 O.
452 1445 496 1480 R.
524 1444 612 1479 1142
638 1455 717 1490 sqq.
751 1444 971 1480 Humanitas
1002 1448 1040 1479 et
1064 1444 1316 1480 misericordia
1340 1445 1500 1491 pastoris
1525 1457 1611 1492 pro-

217 1504 313 1538 fecto
349 1505 451 1537 recta
483 1506 540 1536 cst
572 1505 609 1536 et
640 1502 853 1537 laudabilis:
886 1503 952 1536 sed
983 1514 1094 1547 quum
1126 1502 1163 1536 in
1190 1514 1230 1536 re
1255 1514 1397 1537 summa
1422 1504 1611 1538 dominum

219 1561 442 1607 decepisset,
469 1560 616 1595 admisit
640 1559 679 1593 in
703 1570 741 1594 se
766 1559 923 1602 facinus,
949 1560 1048 1605 quod
1071 1560 1219 1605 quidem
1236 1560 1344 1595 nobis
1363 1562 1610 1597 excusationis

219 1617 357 1662 aliquid
389 1618 524 1652 habere
556 1617 705 1651 videtur
736 1617 841 1661 eique
866 1617 971 1651 facile
997 1618 1043 1651 ab
1069 1617 1238 1651 omnibus
1263 1617 1509 1661 condonatur,
1545 1619 1612 1653 sed

217 1676 257 1710 in
287 1675 411 1710 fabula
442 1675 604 1721 mythica
636 1674 712 1709 fato
744 1685 828 1709 eum
853 1674 1051 1710 obnoxium
1077 1674 1258 1717 reddidit,
1291 1675 1344 1710 ita
1368 1679 1410 1709 ut
1433 1687 1508 1711 non
1533 1676 1612 1711 sine

218 1744 340 1779 poena
364 1733 413 1767 sit
439 1733 619 1768 dimissus.
668 1732 763 1766 Nam
788 1733 818 1767 si
843 1743 931 1767 vere
956 1732 1136 1766 humanus
1162 1736 1200 1767 et
1223 1732 1311 1768 forti
1333 1734 1454 1768 animo
1472 1734 1611 1776 fuisset,

218 1794 259 1825 ut
285 1795 363 1824 tum
371 1818 382 1834 ,
409 1802 519 1836 quum
538 1790 719 1825 maximae
744 1801 803 1824 res
822 1793 992 1834 aguntur,
1023 1790 1270 1835 unusquisque
1295 1801 1375 1825 esse
1401 1791 1529 1832 debet,
1556 1803 1613 1826 sa-

217 1848 294 1882 lute
320 1859 385 1882 sua
409 1849 446 1882 in
473 1847 674 1893 perieulum
700 1850 831 1881 vocata
854 1846 945 1881 Laio
963 1851 1087 1881 tamen
1105 1847 1303 1881 restitisset
1320 1850 1383 1882 aut
1400 1849 1446 1882 ab
1464 1848 1612 1894 incepto

221 1905 408 1940 dominum
433 1907 634 1940 avocasset.

312 1964 359 2008 ³⁷)
394 1962 507 2008 Apud
540 1962 791 2007 Pherecydem
824 1962 862 1996 in
895 1962 1014 1997 Schol.
1049 1961 1095 1996 ad
1128 1973 1161 1996 v.
1195 1961 1261 1996 775
1296 1962 1424 2007 regina
1458 1968 1611 1998 vocatur

218 2020 389 2063 Medusa,
424 2020 499 2053 filia
524 2019 723 2062 Orsilochi,
758 2020 819 2065 qui
852 2019 921 2054 fuit
953 2020 1048 2053 filius
1074 2019 1220 2064 Alphei.
1270 2019 1346 2053 Alii
1371 2031 1451 2054 eam
1476 2025 1612 2056 vocant

218 2078 473 2120 Antiochiam,
499 2077 611 2111 filiam
638 2077 849 2120 Chaleonis,
877 2077 938 2111 alii
964 2077 1196 2112 Periboeam.
1238 2077 1409 2122 Apollod.
1436 2078 1612 2114 Biblioth.

218 2135 299 2179 IH.,
326 2135 357 2179 5,
384 2135 415 2169 7.
444 2134 496 2169 Of.
522 2134 678 2169 Pausan.
704 2134 766 2176 11„
792 2134 823 2178 6,
850 2135 882 2168 3.

312 2194 358 2237 ³⁸)
385 2192 459 2228 ΟΒ.
489 2191 578 2226 1034
601 2202 679 2236 sqq.
706 2191 904 2237 Appollod.
930 2192 1026 2227 Bibl.
1052 2191 1141 2228 ibid.

312 2248 359 2293 ³⁹)
385 2247 469 2282 Non
494 2248 752 2291 adulterinum,
790 2251 831 2282 ut
856 2248 1085 2294 Hagemann
1116 2260 1150 2294 p.
1188 2248 1238 2283 17.
1273 2249 1390 2284 docet.
1442 2249 1611 2290 ΙΙλαστὸς·

218 2305 272 2343 ὡς·
295 2305 372 2351 εἴην
398 2305 511 2349 πατρί
531 2305 609 2351 ipse
635 2304 797 2351 Oedipus
823 2306 912 2340 dicit
945 2317 975 2340 v.
1003 2305 1080 2340 780.
1130 2306 1304 2350 Apollod.
1335 2307 1376 2340 Β.
1410 2307 1491 2349 ΠΙ.,
1517 2308 1548 2350 5,
1576 2308 1607 2343 7.

218 2362 332 2397 habet
357 2361 576 2407 ὑπόβλητος.
618 2361 725 2396 Vidit
751 2374 794 2397 ea
812 2363 891 2408 jam
915 2363 1150 2407 Bergenroth
1176 2363 1228 2409 (p.
1255 2363 1326 2407 4.):
1352 2363 1428 2397 Der
1444 2364 1607 2408 Dichter,

218 2423 301 2465 sagt
326 2419 482 2463 Geffers,
517 2419 591 2454 will
616 2420 752 2465 gerade
776 2431 920 2466 zelgen,
953 2421 1021 2455 wie
1047 2420 1208 2466 Oedipus
1233 2420 1334 2454 nicht
1359 2420 1474 2456 durch
1500 2422 1611 2457 driik-

218 2477 338 2512 kende
370 2477 625 2512 Verhffltnisse
650 2504 659 2512 .
686 2502 694 2511 .
721 2503 729 2511 .
755 2478 835 2512 sein
868 2477 1074 2512 Vaterland
1106 2478 1293 2512 verlassen
1310 2505 1319 2513 .
1337 2505 1345 2512 .
1364 2506 1372 2514 .
1391 2506 1400 2514 .
1421 2506 1427 2514 .
1448 2507 1456 2514 .
1475 2506 1483 2514 .
1502 2493 1528 2522 .;
1570 2481 1609 2516 in

218 2533 290 2568 den
323 2534 539 2570 heroischen
572 2534 699 2569 Zeiten
731 2534 861 2569 hatten
893 2535 985 2570 auch
1017 2535 1075 2569 die
1107 2535 1347 2570 unehelichen
1377 2536 1522 2572 Kinder
1555 2538 1610 2573 oft

217 2591 358 2637 gleiche
382 2593 482 2627 Ehre
507 2593 575 2627 mit
600 2593 670 2627 den
696 2592 886 2627 eheliehen
911 2604 1105 2638 genossen,
1130 2594 1206 2627 und
1223 2593 1385 2639 Oedipus
1403 2595 1506 2629 hatte
1531 2596 1608 2629 sich

217 2648 421 2695 beruhigen
447 2650 573 2686 sollen.
622 2650 673 2685 Es
698 2650 747 2685 ist
770 2662 845 2684 nun
871 2650 1070 2695 allerdings
1103 2650 1223 2692 wahr,
1259 2651 1343 2686 dass
1375 2652 1434 2686 bei
1468 2652 1609 2687 Homer

218 2732 386 2742 .......
412 2708 488 2743 und
518 2709 707 2754 iiberdiess
743 2708 809 2744 hat
840 2708 978 2745 Geffers
1009 2720 1136 2744 ausser
1168 2710 1268 2744 Aeht
1300 2710 1487 2755 gelassen,
1525 2712 1609 2746 dass
