<?xml version="1.0" encoding="UTF-8"?>
<!DOCTYPE html PUBLIC "-//W3C//DTD XHTML 1.0 Transitional//EN"
    "http://www.w3.org/TR/xhtml1/DTD/xhtml1-transitional.dtd">
<html xmlns="http://www.w3.org/1999/xhtml" xml:lang="en" lang="en">
 <head>
  <title>
</title>
<meta http-equiv="Content-Type" content="text/html;charset=utf-8" />
  <meta name='ocr-system' content='tesseract 3.04.00' />
  <meta name='ocr-capabilities' content='ocr_page ocr_carea ocr_par ocr_line ocrx_word'/>
</head>
<body>
  <div class='ocr_page' id='page_1' title='image "4737210_0030.png"; bbox 0 0 1776 3214; ppageno 0'>
   <div class='ocr_carea' id='block_1_1' title="bbox 868 267 931 313">
    <p class='ocr_par' dir='ltr' id='par_1_1' title="bbox 868 267 931 313">
     <span class='ocr_line' id='line_1_1' title="bbox 868 267 931 313; baseline 0.016 -1"><span class='ocrx_word' id='word_1_1' title='bbox 868 267 931 313; x_wconf 83' lang='lat'>22</span> 
     </span>
    </p>
   </div>
   <div class='ocr_carea' id='block_1_2' title="bbox 191 413 1600 2736">
    <p class='ocr_par' dir='ltr' id='par_1_2' title="bbox 197 413 1599 752">
     <span class='ocr_line' id='line_1_2' title="bbox 198 413 1598 471; baseline 0.002 -13"><span class='ocrx_word' id='word_1_2' title='bbox 198 417 317 458; x_wconf 80' lang='lat' dir='ltr'>tinuo</span> <span class='ocrx_word' id='word_1_3' title='bbox 350 419 446 469; x_wconf 87' lang='lat' dir='ltr'>post</span> <span class='ocrx_word' id='word_1_4' title='bbox 484 416 658 459; x_wconf 85' lang='lat' dir='ltr'>caedem</span> <span class='ocrx_word' id='word_1_5' title='bbox 704 418 991 470; x_wconf 78' lang='lat' dir='ltr'><strong>perpetratam</strong></span> <span class='ocrx_word' id='word_1_6' title='bbox 1028 413 1239 458; x_wconf 74' lang='lat' dir='ltr'><strong>interfecti</strong></span> <span class='ocrx_word' id='word_1_7' title='bbox 1275 416 1387 471; x_wconf 85' lang='lat' dir='ltr'>regis</span> <span class='ocrx_word' id='word_1_8' title='bbox 1430 417 1598 461; x_wconf 87' lang='lat' dir='ltr'>viduam</span> 
     </span>
     <span class='ocr_line' id='line_1_3' title="bbox 197 485 1599 543; baseline 0.002 -15"><span class='ocrx_word' id='word_1_9' title='bbox 197 485 485 541; x_wconf 87' lang='lat' dir='ltr'>(interfectum</span> <span class='ocrx_word' id='word_1_10' title='bbox 531 499 624 530; x_wconf 87' lang='lat' dir='ltr'>csse</span> <span class='ocrx_word' id='word_1_11' title='bbox 674 486 826 529; x_wconf 87' lang='lat' dir='ltr'>Laium</span> <span class='ocrx_word' id='word_1_12' title='bbox 872 485 1059 529; x_wconf 88' lang='lat' dir='ltr'>Thebani</span> <span class='ocrx_word' id='word_1_13' title='bbox 1111 486 1257 530; x_wconf 86' lang='lat' dir='ltr'>statim</span> <span class='ocrx_word' id='word_1_14' title='bbox 1299 487 1599 543; x_wconf 79' lang='lat' dir='ltr'>cognoverant)</span> 
     </span>
     <span class='ocr_line' id='line_1_4' title="bbox 198 555 1594 611; baseline 0.001 -12"><span class='ocrx_word' id='word_1_15' title='bbox 198 570 371 601; x_wconf 83' lang='lat' dir='ltr'>uxorem</span> <span class='ocrx_word' id='word_1_16' title='bbox 398 558 565 611; x_wconf 87' lang='lat' dir='ltr'>ducere,</span> <span class='ocrx_word' id='word_1_17' title='bbox 597 571 728 611; x_wconf 89' lang='lat' dir='ltr'>quum</span> <span class='ocrx_word' id='word_1_18' title='bbox 751 561 796 601; x_wconf 87' lang='lat' dir='ltr'>et</span> <span class='ocrx_word' id='word_1_19' title='bbox 816 558 859 600; x_wconf 93' lang='lat' dir='ltr'>in</span> <span class='ocrx_word' id='word_1_20' title='bbox 881 555 1165 610; x_wconf 77' lang='lat' dir='ltr'>suspicionem</span> <span class='ocrx_word' id='word_1_21' title='bbox 1187 556 1393 610; x_wconf 83' lang='lat' dir='ltr'>venisset,</span> <span class='ocrx_word' id='word_1_22' title='bbox 1415 562 1594 600; x_wconf 86' lang='lat' dir='ltr'>matrem</span> 
     </span>
     <span class='ocr_line' id='line_1_5' title="bbox 198 627 1599 682; baseline 0.001 -13"><span class='ocrx_word' id='word_1_23' title='bbox 198 640 327 681; x_wconf 85' lang='lat' dir='ltr'>quam</span> <span class='ocrx_word' id='word_1_24' title='bbox 359 630 529 682; x_wconf 89' lang='lat' dir='ltr'>putaret</span> <span class='ocrx_word' id='word_1_25' title='bbox 560 641 644 671; x_wconf 90' lang='lat' dir='ltr'>non</span> <span class='ocrx_word' id='word_1_26' title='bbox 683 640 777 671; x_wconf 88' lang='lat' dir='ltr'>esse</span> <span class='ocrx_word' id='word_1_27' title='bbox 823 630 1003 671; x_wconf 84' lang='lat' dir='ltr'>matrem</span> <span class='ocrx_word' id='word_1_28' title='bbox 1051 629 1093 670; x_wconf 89' lang='lat' dir='ltr'>et</span> <span class='ocrx_word' id='word_1_29' title='bbox 1131 627 1234 671; x_wconf 89' lang='lat' dir='ltr'>deus</span> <span class='ocrx_word' id='word_1_30' title='bbox 1279 628 1511 682; x_wconf 77' lang='lat' dir='ltr'>docuisset,</span> <span class='ocrx_word' id='word_1_31' title='bbox 1546 628 1599 671; x_wconf 71' lang='lat' dir='ltr'>&#39;in</span> 
     </span>
     <span class='ocr_line' id='line_1_6' title="bbox 198 697 1409 752; baseline 0.001 -12"><span class='ocrx_word' id='word_1_32' title='bbox 198 698 296 741; x_wconf 85' lang='lat' dir='ltr'>fatis</span> <span class='ocrx_word' id='word_1_33' title='bbox 329 711 442 751; x_wconf 88' lang='lat' dir='ltr'>esse,</span> <span class='ocrx_word' id='word_1_34' title='bbox 475 702 523 740; x_wconf 90' lang='lat' dir='ltr'>ut</span> <span class='ocrx_word' id='word_1_35' title='bbox 553 702 675 752; x_wconf 87' lang='lat' dir='ltr'>patre</span> <span class='ocrx_word' id='word_1_36' title='bbox 706 697 929 741; x_wconf 85' lang='lat' dir='ltr'>interfecto</span> <span class='ocrx_word' id='word_1_37' title='bbox 961 701 1140 740; x_wconf 87' lang='lat' dir='ltr'>matrem</span> <span class='ocrx_word' id='word_1_38' title='bbox 1173 698 1409 741; x_wconf 81' lang='lat' dir='ltr'>duceret?“</span> 
     </span>
    </p>

    <p class='ocr_par' dir='ltr' id='par_1_3' title="bbox 196 766 1600 1381">
     <span class='ocr_line' id='line_1_7' title="bbox 315 766 1599 822; baseline 0.001 -13"><span class='ocrx_word' id='word_1_39' title='bbox 315 767 444 821; x_wconf 84' lang='lat' dir='ltr'>Dein,</span> <span class='ocrx_word' id='word_1_40' title='bbox 490 771 537 810; x_wconf 87' lang='lat' dir='ltr'>ut</span> <span class='ocrx_word' id='word_1_41' title='bbox 567 768 761 811; x_wconf 82' lang='lat' dir='ltr'>Iocasten</span> <span class='ocrx_word' id='word_1_42' title='bbox 799 772 840 811; x_wconf 91' lang='lat' dir='ltr'>et</span> <span class='ocrx_word' id='word_1_43' title='bbox 872 767 1072 822; x_wconf 89' lang='lat' dir='ltr'>populum</span> <span class='ocrx_word' id='word_1_44' title='bbox 1109 766 1374 820; x_wconf 66' lang='lat' dir='ltr'>Thebanum«,</span> <span class='ocrx_word' id='word_1_45' title='bbox 1411 768 1472 811; x_wconf 87' lang='lat' dir='ltr'>ita</span> <span class='ocrx_word' id='word_1_46' title='bbox 1503 780 1599 811; x_wconf 89' lang='lat' dir='ltr'>eum</span> 
     </span>
     <span class='ocr_line' id='line_1_8' title="bbox 199 837 1599 893; baseline 0.001 -12"><span class='ocrx_word' id='word_1_47' title='bbox 199 850 366 892; x_wconf 89' lang='lat' dir='ltr'>quoque</span> <span class='ocrx_word' id='word_1_48' title='bbox 397 837 534 892; x_wconf 87' lang='lat' dir='ltr'>pietas</span> <span class='ocrx_word' id='word_1_49' title='bbox 566 842 608 881; x_wconf 90' lang='lat' dir='ltr'>et</span> <span class='ocrx_word' id='word_1_50' title='bbox 638 838 783 893; x_wconf 89' lang='lat' dir='ltr'>religio</span> <span class='ocrx_word' id='word_1_51' title='bbox 818 837 996 892; x_wconf 90' lang='lat' dir='ltr'>cogebat</span> <span class='ocrx_word' id='word_1_52' title='bbox 1028 840 1070 881; x_wconf 91' lang='lat' dir='ltr'>et</span> <span class='ocrx_word' id='word_1_53' title='bbox 1100 837 1360 892; x_wconf 89' lang='lat' dir='ltr'>impellebat,</span> <span class='ocrx_word' id='word_1_54' title='bbox 1398 842 1464 892; x_wconf 89' lang='lat' dir='ltr'>ut,</span> <span class='ocrx_word' id='word_1_55' title='bbox 1506 838 1599 893; x_wconf 91' lang='lat' dir='ltr'>quis</span> 
     </span>
     <span class='ocr_line' id='line_1_9' title="bbox 198 908 1600 962; baseline 0.001 -11"><span class='ocrx_word' id='word_1_56' title='bbox 198 908 351 951; x_wconf 82' lang='lat' dir='ltr'>Laium</span> <span class='ocrx_word' id='word_1_57' title='bbox 372 908 666 960; x_wconf 83' lang='lat' dir='ltr'>interemisset,</span> <span class='ocrx_word' id='word_1_58' title='bbox 687 908 910 962; x_wconf 78' lang='lat' dir='ltr'>indagaret</span> <span class='ocrx_word' id='word_1_59' title='bbox 931 919 1301 962; x_wconf 87' lang='lat' dir='ltr'>percussoremque</span> <span class='ocrx_word' id='word_1_60' title='bbox 1317 908 1600 952; x_wconf 89' lang='lat' dir='ltr'>ulcisceretur.</span> 
     </span>
     <span class='ocr_line' id='line_1_10' title="bbox 196 976 1597 1033; baseline -0.001 -13"><span class='ocrx_word' id='word_1_61' title='bbox 196 978 245 1020; x_wconf 87' lang='lat' dir='ltr'>Id</span> <span class='ocrx_word' id='word_1_62' title='bbox 276 977 542 1031; x_wconf 88' lang='lat' dir='ltr'>potissimum</span> <span class='ocrx_word' id='word_1_63' title='bbox 574 990 729 1033; x_wconf 81' lang='lat' dir='ltr'>angere</span> <span class='ocrx_word' id='word_1_64' title='bbox 768 990 864 1020; x_wconf 90' lang='lat' dir='ltr'>eum</span> <span class='ocrx_word' id='word_1_65' title='bbox 903 980 945 1020; x_wconf 90' lang='lat' dir='ltr'>et</span> <span class='ocrx_word' id='word_1_66' title='bbox 984 976 1210 1020; x_wconf 88' lang='lat' dir='ltr'>sollicitum</span> <span class='ocrx_word' id='word_1_67' title='bbox 1247 976 1404 1020; x_wconf 87' lang='lat' dir='ltr'>habere</span> <span class='ocrx_word' id='word_1_68' title='bbox 1440 977 1597 1020; x_wconf 84' lang='lat' dir='ltr'>debuit.</span> 
     </span>
     <span class='ocr_line' id='line_1_11' title="bbox 198 1046 1599 1101; baseline 0.001 -12"><span class='ocrx_word' id='word_1_69' title='bbox 198 1046 408 1090; x_wconf 80' lang='lat' dir='ltr'>Thebanis</span> <span class='ocrx_word' id='word_1_70' title='bbox 440 1059 539 1091; x_wconf 88' lang='lat' dir='ltr'>vero</span> <span class='ocrx_word' id='word_1_71' title='bbox 578 1047 621 1090; x_wconf 94' lang='lat' dir='ltr'>id</span> <span class='ocrx_word' id='word_1_72' title='bbox 660 1046 844 1091; x_wconf 86' lang='lat' dir='ltr'>officium</span> <span class='ocrx_word' id='word_1_73' title='bbox 875 1046 1021 1100; x_wconf 85' lang='lat' dir='ltr'>fuisse,</span> <span class='ocrx_word' id='word_1_74' title='bbox 1061 1047 1151 1101; x_wconf 89' lang='lat' dir='ltr'>ipse</span> <span class='ocrx_word' id='word_1_75' title='bbox 1191 1046 1375 1101; x_wconf 83' lang='lat' dir='ltr'>Oedipus</span> <span class='ocrx_word' id='word_1_76' title='bbox 1412 1046 1599 1091; x_wconf 80' lang='lat' dir='ltr'>declarat</span> 
     </span>
     <span class='ocr_line' id='line_1_12' title="bbox 198 1116 1599 1171; baseline 0 -12"><span class='ocrx_word' id='word_1_77' title='bbox 198 1117 583 1171; x_wconf 81' lang='lat' dir='ltr'>negligentiamque</span> <span class='ocrx_word' id='word_1_78' title='bbox 614 1117 665 1160; x_wconf 90' lang='lat' dir='ltr'>iis</span> <span class='ocrx_word' id='word_1_79' title='bbox 698 1116 999 1171; x_wconf 79' lang='lat' dir='ltr'>exprob1·at.⁵⁷)</span> <span class='ocrx_word' id='word_1_80' title='bbox 1040 1117 1246 1169; x_wconf 76' lang='lat' dir='ltr'>Quocirca</span> <span class='ocrx_word' id='word_1_81' title='bbox 1276 1120 1395 1170; x_wconf 85' lang='lat' dir='ltr'>peste</span> <span class='ocrx_word' id='word_1_82' title='bbox 1426 1129 1508 1160; x_wconf 87' lang='lat' dir='ltr'>non</span> <span class='ocrx_word' id='word_1_83' title='bbox 1534 1117 1599 1159; x_wconf 92' lang='lat' dir='ltr'>lu-</span> 
     </span>
     <span class='ocr_line' id='line_1_13' title="bbox 198 1185 1598 1241; baseline 0.001 -11"><span class='ocrx_word' id='word_1_84' title='bbox 198 1186 332 1230; x_wconf 88' lang='lat' dir='ltr'>dibrio</span> <span class='ocrx_word' id='word_1_85' title='bbox 373 1187 426 1230; x_wconf 87' lang='lat' dir='ltr'>ab</span> <span class='ocrx_word' id='word_1_86' title='bbox 466 1186 608 1231; x_wconf 87' lang='lat' dir='ltr'>invido</span> <span class='ocrx_word' id='word_1_87' title='bbox 652 1186 895 1241; x_wconf 85' lang='lat' dir='ltr'>crudelique</span> <span class='ocrx_word' id='word_1_88' title='bbox 941 1185 1027 1230; x_wconf 84' lang='lat' dir='ltr'>fato</span> <span class='ocrx_word' id='word_1_89' title='bbox 1079 1185 1154 1229; x_wconf 90' lang='lat' dir='ltr'>sed</span> <span class='ocrx_word' id='word_1_90' title='bbox 1197 1190 1368 1241; x_wconf 90' lang='lat' dir='ltr'>propter</span> <span class='ocrx_word' id='word_1_91' title='bbox 1404 1190 1598 1231; x_wconf 87' lang='lat' dir='ltr'>aeternas</span> 
     </span>
     <span class='ocr_line' id='line_1_14' title="bbox 199 1256 1597 1312; baseline 0 -12"><span class='ocrx_word' id='word_1_92' title='bbox 199 1261 369 1301; x_wconf 86' lang='lat' dir='ltr'>sanctas</span> <span class='ocrx_word' id='word_1_93' title='bbox 401 1258 516 1312; x_wconf 87' lang='lat' dir='ltr'>leges</span> <span class='ocrx_word' id='word_1_94' title='bbox 533 1257 725 1312; x_wconf 73' lang='lat' dir='ltr'>Justitiae</span> <span class='ocrx_word' id='word_1_95' title='bbox 756 1257 934 1300; x_wconf 81' lang='lat' dir='ltr'>violatas</span> <span class='ocrx_word' id='word_1_96' title='bbox 966 1269 991 1300; x_wconf 88' lang='lat' dir='ltr'>a</span> <span class='ocrx_word' id='word_1_97' title='bbox 1014 1256 1183 1299; x_wconf 88' lang='lat' dir='ltr'>numine</span> <span class='ocrx_word' id='word_1_98' title='bbox 1205 1257 1394 1300; x_wconf 85' lang='lat' dir='ltr'>immissa</span> <span class='ocrx_word' id='word_1_99' title='bbox 1415 1270 1597 1311; x_wconf 83' lang='lat' dir='ltr'>poenam</span> 
     </span>
     <span class='ocr_line' id='line_1_15' title="bbox 197 1326 618 1381; baseline 0 -12"><span class='ocrx_word' id='word_1_100' title='bbox 197 1327 388 1381; x_wconf 89' lang='lat' dir='ltr'>pendunt</span> <span class='ocrx_word' id='word_1_101' title='bbox 419 1326 618 1369; x_wconf 86' lang='lat' dir='ltr'>Thebani.</span> 
     </span>
    </p>

    <p class='ocr_par' dir='ltr' id='par_1_4' title="bbox 195 1394 1597 1731">
     <span class='ocr_line' id='line_1_16' title="bbox 315 1394 1597 1449; baseline -0.001 -10"><span class='ocrx_word' id='word_1_102' title='bbox 315 1396 572 1439; x_wconf 89' lang='lat' dir='ltr'>Vertebatur</span> <span class='ocrx_word' id='word_1_103' title='bbox 602 1399 745 1439; x_wconf 87' lang='lat' dir='ltr'>autem</span> <span class='ocrx_word' id='word_1_104' title='bbox 776 1396 878 1438; x_wconf 79' lang='lat' dir='ltr'>vitio</span> <span class='ocrx_word' id='word_1_105' title='bbox 911 1394 1119 1449; x_wconf 83' lang='lat' dir='ltr'>Sophocli,</span> <span class='ocrx_word' id='word_1_106' title='bbox 1162 1395 1273 1448; x_wconf 90' lang='lat' dir='ltr'>quod</span> <span class='ocrx_word' id='word_1_107' title='bbox 1305 1396 1597 1449; x_wconf 87' lang='lat' dir='ltr'>quaestionem</span> 
     </span>
     <span class='ocr_line' id='line_1_17' title="bbox 197 1463 1596 1519; baseline 0 -11"><span class='ocrx_word' id='word_1_108' title='bbox 197 1465 249 1508; x_wconf 88' lang='lat' dir='ltr'>de</span> <span class='ocrx_word' id='word_1_109' title='bbox 280 1468 416 1508; x_wconf 89' lang='lat' dir='ltr'>morte</span> <span class='ocrx_word' id='word_1_110' title='bbox 447 1465 540 1508; x_wconf 91' lang='lat' dir='ltr'>Laii</span> <span class='ocrx_word' id='word_1_111' title='bbox 572 1465 726 1508; x_wconf 89' lang='lat' dir='ltr'>multos</span> <span class='ocrx_word' id='word_1_112' title='bbox 757 1477 890 1508; x_wconf 88' lang='lat' dir='ltr'>annos</span> <span class='ocrx_word' id='word_1_113' title='bbox 930 1464 984 1507; x_wconf 89' lang='lat' dir='ltr'>ab</span> <span class='ocrx_word' id='word_1_114' title='bbox 1018 1464 1179 1518; x_wconf 88' lang='lat' dir='ltr'>Oedipo</span> <span class='ocrx_word' id='word_1_115' title='bbox 1218 1464 1374 1519; x_wconf 86' lang='lat' dir='ltr'>negligi</span> <span class='ocrx_word' id='word_1_116' title='bbox 1413 1463 1596 1509; x_wconf 84' lang='lat' dir='ltr'>fecisset.</span> 
     </span>
     <span class='ocr_line' id='line_1_18' title="bbox 195 1534 1596 1591; baseline 0 -12"><span class='ocrx_word' id='word_1_117' title='bbox 195 1535 261 1579; x_wconf 87' lang='lat' dir='ltr'>Ab</span> <span class='ocrx_word' id='word_1_118' title='bbox 294 1535 388 1579; x_wconf 89' lang='lat' dir='ltr'>aliis</span> <span class='ocrx_word' id='word_1_119' title='bbox 420 1549 518 1580; x_wconf 89' lang='lat' dir='ltr'>vero</span> <span class='ocrx_word' id='word_1_120' title='bbox 556 1535 817 1591; x_wconf 86' lang='lat' dir='ltr'>negligentia</span> <span class='ocrx_word' id='word_1_121' title='bbox 856 1535 928 1579; x_wconf 89' lang='lat' dir='ltr'>illa</span> <span class='ocrx_word' id='word_1_122' title='bbox 968 1534 1030 1578; x_wconf 88' lang='lat' dir='ltr'>ita</span> <span class='ocrx_word' id='word_1_123' title='bbox 1062 1534 1358 1588; x_wconf 80' lang='lat' dir='ltr'>excusabatur,</span> <span class='ocrx_word' id='word_1_124' title='bbox 1399 1539 1447 1579; x_wconf 89' lang='lat' dir='ltr'>ut</span> <span class='ocrx_word' id='word_1_125' title='bbox 1485 1535 1596 1580; x_wconf 86' lang='lat' dir='ltr'>hunc</span> 
     </span>
     <span class='ocr_line' id='line_1_19' title="bbox 195 1604 1596 1662; baseline 0 -13"><span class='ocrx_word' id='word_1_126' title='bbox 195 1610 336 1650; x_wconf 89' lang='lat' dir='ltr'>actum</span> <span class='ocrx_word' id='word_1_127' title='bbox 369 1606 457 1662; x_wconf 88' lang='lat' dir='ltr'>ejus</span> <span class='ocrx_word' id='word_1_128' title='bbox 478 1606 593 1650; x_wconf 89' lang='lat' dir='ltr'>vitae</span> <span class='ocrx_word' id='word_1_129' title='bbox 625 1609 742 1649; x_wconf 88' lang='lat' dir='ltr'>extra</span> <span class='ocrx_word' id='word_1_130' title='bbox 762 1604 948 1649; x_wconf 89' lang='lat' dir='ltr'>fabulam</span> <span class='ocrx_word' id='word_1_131' title='bbox 980 1617 1073 1649; x_wconf 91' lang='lat' dir='ltr'>esse</span> <span class='ocrx_word' id='word_1_132' title='bbox 1096 1604 1296 1649; x_wconf 89' lang='lat' dir='ltr'>dicerent.</span> <span class='ocrx_word' id='word_1_133' title='bbox 1311 1604 1363 1660; x_wconf 66' lang='lat'>58)</span> <span class='ocrx_word' id='word_1_134' title='bbox 1411 1605 1596 1658; x_wconf 84' lang='lat' dir='ltr'>Quorum</span> 
     </span>
     <span class='ocr_line' id='line_1_20' title="bbox 195 1675 1471 1731; baseline -0.002 -11"><span class='ocrx_word' id='word_1_135' title='bbox 195 1676 450 1720; x_wconf 81' lang='lat' dir='ltr'>sententiam</span> <span class='ocrx_word' id='word_1_136' title='bbox 481 1679 529 1720; x_wconf 92' lang='lat' dir='ltr'>ut</span> <span class='ocrx_word' id='word_1_137' title='bbox 560 1689 769 1730; x_wconf 87' lang='lat' dir='ltr'>sequerer,</span> <span class='ocrx_word' id='word_1_138' title='bbox 802 1675 946 1719; x_wconf 90' lang='lat' dir='ltr'>multis</span> <span class='ocrx_word' id='word_1_139' title='bbox 978 1675 1081 1718; x_wconf 88' lang='lat' dir='ltr'>mihi</span> <span class='ocrx_word' id='word_1_140' title='bbox 1112 1675 1236 1719; x_wconf 86' lang='lat' dir='ltr'>rebus</span> <span class='ocrx_word' id='word_1_141' title='bbox 1267 1675 1471 1731; x_wconf 84' lang='lat' dir='ltr'>persuasi.</span> 
     </span>
    </p>

    <p class='ocr_par' dir='ltr' id='par_1_5' title="bbox 191 1745 1596 2642">
     <span class='ocr_line' id='line_1_21' title="bbox 311 1745 1596 1801; baseline 0 -11"><span class='ocrx_word' id='word_1_142' title='bbox 311 1746 460 1800; x_wconf 87' lang='lat' dir='ltr'>Neque</span> <span class='ocrx_word' id='word_1_143' title='bbox 492 1751 635 1790; x_wconf 89' lang='lat' dir='ltr'>tamen</span> <span class='ocrx_word' id='word_1_144' title='bbox 667 1758 739 1789; x_wconf 90' lang='lat' dir='ltr'>eos</span> <span class='ocrx_word' id='word_1_145' title='bbox 771 1745 896 1800; x_wconf 86' lang='lat' dir='ltr'>plane</span> <span class='ocrx_word' id='word_1_146' title='bbox 925 1745 1174 1801; x_wconf 86' lang='lat' dir='ltr'>rejiciendos</span> <span class='ocrx_word' id='word_1_147' title='bbox 1207 1758 1355 1789; x_wconf 91' lang='lat' dir='ltr'>censeo</span> <span class='ocrx_word' id='word_1_148' title='bbox 1398 1749 1440 1789; x_wconf 90' lang='lat' dir='ltr'>et</span> <span class='ocrx_word' id='word_1_149' title='bbox 1481 1759 1596 1801; x_wconf 86' lang='lat' dir='ltr'>sper-</span> 
     </span>
     <span class='ocr_line' id='line_1_22' title="bbox 194 1815 1595 1871; baseline 0.001 -12"><span class='ocrx_word' id='word_1_150' title='bbox 194 1817 364 1870; x_wconf 90' lang='lat' dir='ltr'>nendos,</span> <span class='ocrx_word' id='word_1_151' title='bbox 398 1817 483 1871; x_wconf 90' lang='lat' dir='ltr'>qui,</span> <span class='ocrx_word' id='word_1_152' title='bbox 515 1828 772 1870; x_wconf 89' lang='lat' dir='ltr'>quamquam</span> <span class='ocrx_word' id='word_1_153' title='bbox 792 1815 1227 1871; x_wconf 83' lang='lat' dir='ltr'>argumentationibus</span> <span class='ocrx_word' id='word_1_154' title='bbox 1253 1816 1340 1859; x_wconf 89' lang='lat' dir='ltr'>suis</span> <span class='ocrx_word' id='word_1_155' title='bbox 1371 1816 1424 1859; x_wconf 89' lang='lat' dir='ltr'>ad</span> <span class='ocrx_word' id='word_1_156' title='bbox 1447 1815 1595 1860; x_wconf 87' lang='lat' dir='ltr'>falsam</span> 
     </span>
     <span class='ocr_line' id='line_1_23' title="bbox 194 1885 1596 1941; baseline 0 -11"><span class='ocrx_word' id='word_1_157' title='bbox 194 1899 283 1929; x_wconf 85' lang='lat' dir='ltr'>rem</span> <span class='ocrx_word' id='word_1_158' title='bbox 316 1886 610 1941; x_wconf 88' lang='lat' dir='ltr'>explicandam</span> <span class='ocrx_word' id='word_1_159' title='bbox 642 1885 707 1929; x_wconf 91' lang='lat' dir='ltr'>usi</span> <span class='ocrx_word' id='word_1_160' title='bbox 739 1888 858 1938; x_wconf 89' lang='lat' dir='ltr'>sunt,</span> <span class='ocrx_word' id='word_1_161' title='bbox 903 1886 1155 1929; x_wconf 89' lang='lat' dir='ltr'>contendere</span> <span class='ocrx_word' id='word_1_162' title='bbox 1186 1886 1402 1939; x_wconf 86' lang='lat' dir='ltr'>videntur,</span> <span class='ocrx_word' id='word_1_163' title='bbox 1435 1886 1596 1941; x_wconf 86' lang='lat' dir='ltr'>Sopho-</span> 
     </span>
     <span class='ocr_line' id='line_1_24' title="bbox 195 1955 1594 2011; baseline -0.001 -11"><span class='ocrx_word' id='word_1_164' title='bbox 195 1956 302 2000; x_wconf 84' lang='lat' dir='ltr'>clem</span> <span class='ocrx_word' id='word_1_165' title='bbox 340 1960 537 2000; x_wconf 85' lang='lat' dir='ltr'>naturam</span> <span class='ocrx_word' id='word_1_166' title='bbox 577 1968 799 2010; x_wconf 88' lang='lat' dir='ltr'>moresque</span> <span class='ocrx_word' id='word_1_167' title='bbox 840 1955 1008 2009; x_wconf 85' lang='lat' dir='ltr'>Oedipi,</span> <span class='ocrx_word' id='word_1_168' title='bbox 1048 1968 1199 2010; x_wconf 86' lang='lat' dir='ltr'>nempe</span> <span class='ocrx_word' id='word_1_169' title='bbox 1237 1955 1389 2010; x_wconf 89' lang='lat' dir='ltr'>quibus</span> <span class='ocrx_word' id='word_1_170' title='bbox 1423 1956 1512 2011; x_wconf 75' lang='lat' dir='ltr'>Jam</span> <span class='ocrx_word' id='word_1_171' title='bbox 1553 1955 1594 1999; x_wconf 89' lang='lat' dir='ltr'>in</span> 
     </span>
     <span class='ocr_line' id='line_1_25' title="bbox 194 2024 1596 2083; baseline -0.001 -13"><span class='ocrx_word' id='word_1_172' title='bbox 194 2026 378 2081; x_wconf 82' lang='lat' dir='ltr'>antiquis</span> <span class='ocrx_word' id='word_1_173' title='bbox 400 2025 555 2071; x_wconf 85' lang='lat' dir='ltr'>fabulis</span> <span class='ocrx_word' id='word_1_174' title='bbox 577 2026 817 2079; x_wconf 85' lang='lat' dir='ltr'>notabatur,</span> <span class='ocrx_word' id='word_1_175' title='bbox 840 2024 1075 2069; x_wconf 88' lang='lat' dir='ltr'>describere</span> <span class='ocrx_word' id='word_1_176' title='bbox 1097 2025 1290 2079; x_wconf 84' lang='lat' dir='ltr'>voluisse,</span> <span class='ocrx_word' id='word_1_177' title='bbox 1319 2038 1448 2080; x_wconf 90' lang='lat' dir='ltr'>quum</span> <span class='ocrx_word' id='word_1_178' title='bbox 1468 2026 1596 2083; x_wconf 86' lang='lat' dir='ltr'>istam</span> 
     </span>
     <span class='ocr_line' id='line_1_26' title="bbox 196 2095 1596 2151; baseline 0.001 -12"><span class='ocrx_word' id='word_1_179' title='bbox 196 2096 402 2140; x_wconf 87' lang='lat' dir='ltr'>incuriam</span> <span class='ocrx_word' id='word_1_180' title='bbox 435 2100 477 2140; x_wconf 91' lang='lat' dir='ltr'>et</span> <span class='ocrx_word' id='word_1_181' title='bbox 507 2095 907 2140; x_wconf 83' lang='lat' dir='ltr'>inconsiderantiam</span> <span class='ocrx_word' id='word_1_182' title='bbox 938 2095 1077 2139; x_wconf 88' lang='lat' dir='ltr'>animo</span> <span class='ocrx_word' id='word_1_183' title='bbox 1117 2096 1204 2151; x_wconf 81' lang='lat' dir='ltr'>eJ&#39;us</span> <span class='ocrx_word' id='word_1_184' title='bbox 1244 2095 1420 2139; x_wconf 85' lang='lat' dir='ltr'>insita-m</span> <span class='ocrx_word' id='word_1_185' title='bbox 1461 2099 1503 2140; x_wconf 92' lang='lat' dir='ltr'>et</span> <span class='ocrx_word' id='word_1_186' title='bbox 1533 2096 1596 2140; x_wconf 88' lang='lat' dir='ltr'>in-</span> 
     </span>
     <span class='ocr_line' id='line_1_27' title="bbox 193 2165 1596 2222; baseline 0 -13"><span class='ocrx_word' id='word_1_187' title='bbox 193 2169 339 2209; x_wconf 87' lang='lat' dir='ltr'>natam</span> <span class='ocrx_word' id='word_1_188' title='bbox 379 2179 606 2221; x_wconf 88' lang='lat' dir='ltr'>regemque</span> <span class='ocrx_word' id='word_1_189' title='bbox 645 2166 689 2209; x_wconf 90' lang='lat' dir='ltr'>iu</span> <span class='ocrx_word' id='word_1_190' title='bbox 729 2166 871 2209; x_wconf 88' lang='lat' dir='ltr'>multis</span> <span class='ocrx_word' id='word_1_191' title='bbox 912 2165 1036 2209; x_wconf 89' lang='lat' dir='ltr'>rebus</span> <span class='ocrx_word' id='word_1_192' title='bbox 1074 2166 1275 2222; x_wconf 87' lang='lat' dir='ltr'>religione</span> <span class='ocrx_word' id='word_1_193' title='bbox 1313 2165 1437 2210; x_wconf 86' lang='lat' dir='ltr'>officii</span> <span class='ocrx_word' id='word_1_194' title='bbox 1468 2166 1596 2210; x_wconf 83' lang='lat' dir='ltr'>decli-</span> 
     </span>
     <span class='ocr_line' id='line_1_28' title="bbox 192 2235 1595 2291; baseline 0.001 -12"><span class='ocrx_word' id='word_1_195' title='bbox 192 2240 365 2280; x_wconf 82' lang='lat' dir='ltr'>nantem</span> <span class='ocrx_word' id='word_1_196' title='bbox 398 2236 677 2291; x_wconf 79' lang='lat' dir='ltr'>depinxisset3</span> <span class='ocrx_word' id='word_1_197' title='bbox 723 2247 803 2279; x_wconf 89' lang='lat' dir='ltr'>nec</span> <span class='ocrx_word' id='word_1_198' title='bbox 834 2235 992 2289; x_wconf 89' lang='lat' dir='ltr'>dubito,</span> <span class='ocrx_word' id='word_1_199' title='bbox 1025 2235 1126 2290; x_wconf 91' lang='lat' dir='ltr'>quin</span> <span class='ocrx_word' id='word_1_200' title='bbox 1147 2238 1275 2290; x_wconf 90' lang='lat' dir='ltr'>poeta</span> <span class='ocrx_word' id='word_1_201' title='bbox 1307 2236 1358 2279; x_wconf 89' lang='lat' dir='ltr'>de</span> <span class='ocrx_word' id='word_1_202' title='bbox 1389 2235 1595 2280; x_wconf 87' lang='lat' dir='ltr'>industria</span> 
     </span>
     <span class='ocr_line' id='line_1_29' title="bbox 192 2305 1596 2361; baseline -0.001 -10"><span class='ocrx_word' id='word_1_203' title='bbox 192 2308 236 2351; x_wconf 88' lang='lat' dir='ltr'>in</span> <span class='ocrx_word' id='word_1_204' title='bbox 267 2306 405 2352; x_wconf 89' lang='lat' dir='ltr'>officio</span> <span class='ocrx_word' id='word_1_205' title='bbox 438 2306 746 2361; x_wconf 87' lang='lat' dir='ltr'>aliquantulum</span> <span class='ocrx_word' id='word_1_206' title='bbox 779 2305 1090 2350; x_wconf 87' lang='lat' dir='ltr'>claudicantem</span> <span class='ocrx_word' id='word_1_207' title='bbox 1123 2306 1329 2361; x_wconf 88' lang='lat' dir='ltr'>Oedipum</span> <span class='ocrx_word' id='word_1_208' title='bbox 1360 2305 1517 2359; x_wconf 82' lang='lat' dir='ltr'>fece-rit,</span> <span class='ocrx_word' id='word_1_209' title='bbox 1548 2310 1596 2350; x_wconf 90' lang='lat' dir='ltr'>ut</span> 
     </span>
     <span class='ocr_line' id='line_1_30' title="bbox 191 2376 1594 2433; baseline -0.001 -12"><span class='ocrx_word' id='word_1_210' title='bbox 191 2377 235 2421; x_wconf 90' lang='lat' dir='ltr'>in</span> <span class='ocrx_word' id='word_1_211' title='bbox 266 2377 487 2433; x_wconf 87' lang='lat' dir='ltr'>tragoedia</span> <span class='ocrx_word' id='word_1_212' title='bbox 519 2376 834 2420; x_wconf 87' lang='lat' dir='ltr'>similitudinem</span> <span class='ocrx_word' id='word_1_213' title='bbox 870 2376 1083 2431; x_wconf 90' lang='lat' dir='ltr'>quandam</span> <span class='ocrx_word' id='word_1_214' title='bbox 1122 2379 1288 2432; x_wconf 88' lang='lat' dir='ltr'>gereret</span> <span class='ocrx_word' id='word_1_215' title='bbox 1329 2376 1594 2431; x_wconf 88' lang='lat' dir='ltr'>speciemque</span> 
     </span>
     <span class='ocr_line' id='line_1_31' title="bbox 193 2445 1594 2502; baseline 0 -12"><span class='ocrx_word' id='word_1_216' title='bbox 193 2447 237 2490; x_wconf 90' lang='lat' dir='ltr'>in</span> <span class='ocrx_word' id='word_1_217' title='bbox 268 2446 420 2491; x_wconf 82' lang='lat' dir='ltr'>fabulis</span> <span class='ocrx_word' id='word_1_218' title='bbox 451 2446 581 2491; x_wconf 86' lang='lat' dir='ltr'>efficti</span> <span class='ocrx_word' id='word_1_219' title='bbox 613 2450 655 2490; x_wconf 89' lang='lat' dir='ltr'>et</span> <span class='ocrx_word' id='word_1_220' title='bbox 679 2446 866 2501; x_wconf 83' lang='lat' dir='ltr'>expressi</span> <span class='ocrx_word' id='word_1_221' title='bbox 896 2446 1019 2502; x_wconf 87' lang='lat' dir='ltr'>regis.</span> <span class='ocrx_word' id='word_1_222' title='bbox 1072 2445 1365 2501; x_wconf 87' lang='lat' dir='ltr'>Compluribus</span> <span class='ocrx_word' id='word_1_223' title='bbox 1397 2445 1508 2489; x_wconf 88' lang='lat' dir='ltr'>enim</span> <span class='ocrx_word' id='word_1_224' title='bbox 1533 2445 1594 2490; x_wconf 89' lang='lat' dir='ltr'>lo-</span> 
     </span>
     <span class='ocr_line' id='line_1_32' title="bbox 193 2515 1593 2571; baseline 0.001 -12"><span class='ocrx_word' id='word_1_225' title='bbox 193 2516 253 2560; x_wconf 89' lang='lat' dir='ltr'>cis</span> <span class='ocrx_word' id='word_1_226' title='bbox 283 2517 430 2570; x_wconf 88' lang='lat' dir='ltr'>paucis</span> <span class='ocrx_word' id='word_1_227' title='bbox 462 2517 601 2561; x_wconf 85' lang='lat' dir='ltr'>verbis</span> <span class='ocrx_word' id='word_1_228' title='bbox 632 2517 676 2560; x_wconf 89' lang='lat' dir='ltr'>id</span> <span class='ocrx_word' id='word_1_229' title='bbox 709 2519 934 2570; x_wconf 86' lang='lat' dir='ltr'>attactum,</span> <span class='ocrx_word' id='word_1_230' title='bbox 967 2516 1118 2571; x_wconf 90' lang='lat' dir='ltr'>quibus</span> <span class='ocrx_word' id='word_1_231' title='bbox 1141 2517 1327 2571; x_wconf 86' lang='lat' dir='ltr'>Oedipus</span> <span class='ocrx_word' id='word_1_232' title='bbox 1351 2515 1501 2560; x_wconf 89' lang='lat' dir='ltr'>leniter</span> <span class='ocrx_word' id='word_1_233' title='bbox 1531 2529 1593 2560; x_wconf 89' lang='lat' dir='ltr'>re-</span> 
     </span>
     <span class='ocr_line' id='line_1_33' title="bbox 191 2585 1593 2642; baseline 0.002 -14"><span class='ocrx_word' id='word_1_234' title='bbox 191 2585 397 2641; x_wconf 88' lang='lat' dir='ltr'>prehendi</span> <span class='ocrx_word' id='word_1_235' title='bbox 427 2587 603 2641; x_wconf 89' lang='lat' dir='ltr'>videtur,</span> <span class='ocrx_word' id='word_1_236' title='bbox 618 2586 671 2642; x_wconf 69' lang='grc' dir='ltr'>ὃς&gt;)</span> <span class='ocrx_word' id='word_1_237' title='bbox 704 2590 747 2631; x_wconf 88' lang='lat' dir='ltr'>et</span> <span class='ocrx_word' id='word_1_238' title='bbox 778 2586 946 2631; x_wconf 90' lang='lat' dir='ltr'>omnino</span> <span class='ocrx_word' id='word_1_239' title='bbox 979 2588 1145 2631; x_wconf 89' lang='lat' dir='ltr'>ratione</span> <span class='ocrx_word' id='word_1_240' title='bbox 1175 2586 1338 2640; x_wconf 88' lang='lat' dir='ltr'>viaque,</span> <span class='ocrx_word' id='word_1_241' title='bbox 1371 2598 1454 2641; x_wconf 90' lang='lat' dir='ltr'>qua</span> <span class='ocrx_word' id='word_1_242' title='bbox 1475 2585 1593 2631; x_wconf 88' lang='lat' dir='ltr'>fabu-</span> 
     </span>
    </p>

    <p class='ocr_par' dir='ltr' id='par_1_6' title="bbox 289 2688 699 2736">
     <span class='ocr_line' id='line_1_34' title="bbox 289 2688 699 2736; baseline 0.005 -12"><span class='ocrx_word' id='word_1_243' title='bbox 289 2690 336 2735; x_wconf 72' lang='lat'>5⁷)</span> <span class='ocrx_word' id='word_1_244' title='bbox 364 2688 439 2724; x_wconf 76' lang='grc' dir='ltr'>ΟΒ.</span> <span class='ocrx_word' id='word_1_245' title='bbox 467 2701 500 2724; x_wconf 86' lang='lat' dir='ltr'>v.</span> <span class='ocrx_word' id='word_1_246' title='bbox 530 2689 595 2725; x_wconf 79' lang='lat'>125</span> <span class='ocrx_word' id='word_1_247' title='bbox 621 2701 699 2736; x_wconf 87' lang='lat' dir='ltr'>sqq.</span> 
     </span>
    </p>
   </div>
   <div class='ocr_carea' id='block_1_3' title="bbox 288 2748 1263 2853">
    <p class='ocr_par' dir='ltr' id='par_1_7' title="bbox 288 2748 1263 2853">
     <span class='ocr_line' id='line_1_35' title="bbox 288 2748 752 2795; baseline 0 -12"><span class='ocrx_word' id='word_1_248' title='bbox 288 2751 329 2792; x_wconf 69' lang='lat'>⁵⁸)</span> <span class='ocrx_word' id='word_1_249' title='bbox 356 2748 610 2794; x_wconf 81' lang='lat' dir='ltr'>Bergenroth,</span> <span class='ocrx_word' id='word_1_250' title='bbox 636 2761 670 2795; x_wconf 87' lang='lat' dir='ltr'>p.</span> <span class='ocrx_word' id='word_1_251' title='bbox 702 2749 752 2784; x_wconf 73' lang='lat'>15.</span> 
     </span>
     <span class='ocr_line' id='line_1_36' title="bbox 289 2805 1263 2853; baseline 0.001 -12"><span class='ocrx_word' id='word_1_252' title='bbox 289 2807 331 2850; x_wconf 49' lang='grc' dir='ltr'>ΜἸ)</span> <span class='ocrx_word' id='word_1_253' title='bbox 357 2806 417 2841; x_wconf 88' lang='lat' dir='ltr'>Fr.</span> <span class='ocrx_word' id='word_1_254' title='bbox 444 2805 620 2851; x_wconf 84' lang='lat' dir='ltr'>Wiillner,</span> <span class='ocrx_word' id='word_1_255' title='bbox 647 2818 681 2853; x_wconf 92' lang='lat' dir='ltr'>p.</span> <span class='ocrx_word' id='word_1_256' title='bbox 710 2806 741 2842; x_wconf 90' lang='lat'>7.</span> <span class='ocrx_word' id='word_1_257' title='bbox 793 2805 867 2842; x_wconf 76' lang='grc' dir='ltr'>ΟΒ.</span> <span class='ocrx_word' id='word_1_258' title='bbox 898 2805 973 2842; x_wconf 83' lang='lat'>105.</span> <span class='ocrx_word' id='word_1_259' title='bbox 1004 2805 1200 2841; x_wconf 91' lang='lat'>110—111</span> <span class='ocrx_word' id='word_1_260' title='bbox 1229 2817 1263 2842; x_wconf 86' lang='lat' dir='ltr'>v.</span> 
     </span>
    </p>
   </div>
  </div>
 </body>
</html>
