1776 3214
910 225 937 271 7

228 376 292 419 vir
321 373 478 428 probus
509 375 552 416 et
582 372 781 417 honestus
817 372 928 416 bona
967 385 1203 428 magnaque
1238 375 1444 426 appetens
1486 373 1624 414 morte

229 443 446 496 occubuit,
492 442 606 497 quod
644 442 829 486 studium
865 443 954 497 ejus
991 455 1075 486 non
1103 442 1285 486 vacabat
1315 454 1456 485 errore
1487 443 1531 484 et
1560 439 1623 483 in-

228 515 463 567 temperato
494 511 676 566 quodam
706 511 867 565 impetu
896 511 989 565 ipse
1009 512 1063 554 ad
1083 511 1208 555 finem
1229 512 1489 566 propositum
1514 510 1624 554 fere-

231 582 373 634 batur,
428 580 464 624 is
501 592 599 625 vere
632 579 783 635 dignus
819 592 910 623 esse
952 580 1072 623 nobis
1104 580 1285 631 videtur,
1333 581 1404 635 qui
1435 580 1624 624 carmine

230 652 396 705 tragico
427 654 599 693 ornetur
629 662 680 693 ac
711 650 967 702 celebretur3
999 662 1075 692 nec
1105 650 1276 693 dubium
1307 654 1390 702 est,
1430 651 1532 703 quin
1562 649 1626 692 fa-

229 720 349 772 bula,
388 719 432 762 in
471 731 555 773 qua
594 720 683 774 ejus
722 718 829 768 vita,
874 718 1142 773 luctationes,
1182 719 1395 762 cruciatus
1426 730 1625 773 morsque

231 788 443 843 descripta
473 787 648 841 fuerint,
679 787 988 842 spectatoribus
1017 788 1330 831 miserationem
1361 790 1404 830 et
1424 800 1624 840 pavorem

230 858 289 901 sit
317 857 605 913 incussum-¹⁹)
656 857 825 901 Etenim
857 856 969 900 illius
999 856 1077 899 viri
1104 856 1192 900 vita
1222 861 1424 911 tanquam
1456 859 1626 899 nostrae

230 928 344 970 vitae
374 931 440 970 est
461 926 718 980 exemplum,
749 926 794 968 in
824 930 980 969 sortem
1009 926 1120 968 illius
1148 925 1392 979 inspicimus
1424 928 1628 979 tanquam

233 997 277 1040 in
307 996 535 1050 speculum,
566 995 610 1038 in
640 1007 723 1050 quo
754 998 899 1039 nostra
929 994 1161 1039 communis
1194 994 1378 1037 omnium
1408 994 1627 1037 hominum

231 1078 325 1108 sors
355 1064 529 1119 fingitur
560 1068 603 1107 et
631 1064 830 1107 redditur.
887 1065 1029 1108 Veluti
1058 1063 1179 1107 firmo
1209 1076 1330 1106 ramo
1361 1062 1526 1106 absciso
1555 1066 1631 1105 aut

233 1134 296 1177 ita
325 1133 550 1188 discerpto,
582 1136 630 1177 ut
659 1137 894 1177 marcescat
925 1146 1097 1177 necesse
1128 1133 1203 1186 sit,
1235 1135 1327 1176 tota
1365 1131 1492 1175 arbor
1531 1144 1629 1186 par·

234 1207 403 1257 tesque:
455 1207 645 1256 truncus,
691 1204 876 1256 radices,
932 1204 1102 1256 ramuli,
1156 1202 1257 1246 folia
1308 1202 1454 1256 lugent
1500 1205 1543 1244 et
1586 1201 1630 1243 in

233 1284 423 1315 moerore
454 1272 616 1326 jacent,
665 1273 724 1316 sic
767 1273 810 1315 in
854 1275 1020 1315 nostros
1064 1283 1232 1326 quoque
1269 1270 1451 1322 animos,
1498 1282 1629 1323 quum

235 1344 413 1384 mortem
459 1341 537 1383 viri
583 1342 703 1395 probi
739 1342 997 1394 intueamur,
1042 1341 1219 1384 tristitia
1249 1353 1404 1394 magna.
1434 1343 1629 1393 penetrat

233 1409 499 1464 maximoque
542 1409 705 1454 timoris
753 1410 991 1465 dolorisque
1029 1410 1225 1466 angimur
1270 1409 1470 1453 cruciatu.
1539 1408 1630 1451 Nec

235 1483 380 1521 tamen
411 1478 581 1529 desunt,
627 1491 737 1533 quae
774 1481 938 1523 animos
968 1484 1084 1523 metu
1115 1492 1339 1535 oppressos
1377 1478 1542 1533 erigant
1572 1477 1626 1520 ab

233 1547 432 1600 omnique
463 1547 740 1590 sollicitudine
771 1548 1029 1602 abstrahant,
1060 1550 1173 1603 quod
1202 1561 1356 1602 magna
1387 1551 1431 1590 et
1451 1547 1630 1590 honesta

233 1619 552 1668 consecuturus,
584 1616 774 1670 quamvis
805 1616 1005 1661 effrenato
1028 1617 1166 1661 studio
1197 1616 1376 1661 ferretur
1407 1621 1450 1660 et
1480 1629 1507 1659 a
1533 1629 1630 1670 pro-

233 1685 372 1737 posito
403 1685 613 1727 interdum
643 1686 894 1739 declinaret,
934 1686 1127 1741 periculis
1157 1686 1367 1740 mortique
1398 1698 1446 1728 se
1476 1685 1630 1728 obtulit

234 1757 278 1796 et
307 1753 492 1797 animam
523 1766 653 1809 agens
684 1758 759 1798 aut
789 1768 834 1798 se
863 1768 1026 1799 errasse
1058 1759 1102 1798 et
1130 1754 1372 1809 petulanter
1402 1754 1539 1809 egisse
1568 1753 1628 1797 in-

234 1823 394 1867 tellexit
431 1836 727 1879 summumque
766 1824 943 1879 bonum,
989 1825 1102 1881 quod
1137 1824 1404 1879 appetiverat
1443 1837 1629 1868 summo-

234 1906 357 1946 pere,
404 1906 486 1936 non
525 1893 769 1937 libidinibus
800 1894 997 1940 humanis
1033 1895 1193 1949 polluto
1235 1896 1507 1948 impuroque,
1554 1894 1629 1937 sed

234 1974 334 2004 vero
366 1965 409 2004 et
445 1962 607 2005 sincero
647 1975 790 2006 amore
828 1963 1046 2017 amplexus
1088 1967 1172 2016 est,
1219 1967 1293 2006 aut
1329 1967 1420 2006 tum
1459 1964 1630 2006 demum

235 2030 338 2074 illud
374 2031 546 2085 agnovit
592 2035 636 2074 et
680 2032 952 2075 acerbissima
995 2031 1174 2076 afflictus
1217 2031 1478 2087 poenitentia
1517 2043 1630 2075 com·

235 2099 442 2154 probavit.

353 2169 438 2213 Sed
474 2173 523 2213 ut
561 2169 714 2213 summi
751 2169 851 2213 boni
886 2171 1087 2226 maiestas
1125 2169 1387 2214 manifestius
1425 2174 1632 2225 appareat

236 2241 281 2282 et
311 2237 405 2282 finis
435 2238 505 2282 ille
535 2242 624 2282 tam
654 2239 924 2283 vehementer
954 2239 1166 2294 appetitus
1198 2239 1382 2294 optimus
1414 2253 1507 2284 esse
1538 2253 1630 2285 cre-

333 2387 377 2432 ¹⁰)
411 2387 633 2422 Aristoteles
666 2388 708 2433 (1.
741 2388 796 2434 1.)‚
833 2388 891 2423 cui
922 2387 1116 2433 tragoedia
1148 2391 1204 2423 est
1235 2388 1391 2434 μίμησις
1412 2387 1628 2432 βελτιόνων,

235 2444 411 2480 honestos
443 2446 653 2491 probosque
685 2446 784 2480 viros
818 2445 1022 2491 (χρηστός)
1047 2445 1085 2479 in
1110 2445 1242 2481 fabulis
1266 2446 1388 2480 induci
1411 2446 1535 2493 jubet,
1567 2446 1630 2492 qui

234 2502 381 2549 culpam
412 2503 569 2548 aliquam
602 2502 801 2548 (ἁμαρτία)
833 2502 1105 2545 contraxerint,
1140 2513 1275 2548 eosque
1307 2503 1466 2540 miseriis
1491 2504 1629 2539 vexari.

235 2560 512 2605 Aequabilitate
537 2563 660 2595 tamen
679 2563 716 2594 et
734 2561 943 2595 constantia
958 2561 1136 2595 excellere
1155 2571 1216 2595 eos
1234 2565 1402 2606 oportet,
1429 2573 1501 2608 qua
1518 2562 1629 2604 ducti,

236 2626 359 2661 quum,
385 2618 483 2663 quod
500 2628 680 2653 summum
699 2618 836 2653 bonum
853 2617 1025 2662 habeant,
1051 2619 1247 2664 appetant,
1273 2617 1367 2653 nihil
1383 2619 1483 2654 aliud
1500 2622 1630 2654 curent

236 2674 306 2709 nisi
332 2680 373 2710 ut
398 2676 628 2722 propositum
652 2676 760 2711 finem
785 2680 1034 2721 assequantur.
1077 2675 1129 2711 Cf.
1154 2675 1202 2711 ib.
1234 2675 1287 2718 14,
1317 2678 1346 2712 1.
1373 2675 1452 2711 ἔστι
1475 2677 1543 2719 μὲν
1563 2676 1629 2711 οὖν

237 2731 279 2764 τὸ
305 2732 473 2777 φοβερόν
500 2737 568 2767 eto.
