<?xml version="1.0" encoding="UTF-8"?>
<!DOCTYPE html PUBLIC "-//W3C//DTD XHTML 1.0 Transitional//EN"
    "http://www.w3.org/TR/xhtml1/DTD/xhtml1-transitional.dtd">
<html xmlns="http://www.w3.org/1999/xhtml" xml:lang="en" lang="en">
 <head>
  <title>
</title>
<meta http-equiv="Content-Type" content="text/html;charset=utf-8" />
  <meta name='ocr-system' content='tesseract 3.04.00' />
  <meta name='ocr-capabilities' content='ocr_page ocr_carea ocr_par ocr_line ocrx_word'/>
</head>
<body>
  <div class='ocr_page' id='page_1' title='image "4737210_0037.png"; bbox 0 0 1776 3214; ppageno 0'>
   <div class='ocr_carea' id='block_1_1' title="bbox 848 214 911 263">
    <p class='ocr_par' dir='ltr' id='par_1_1' title="bbox 848 214 911 263">
     <span class='ocr_line' id='line_1_1' title="bbox 848 214 911 263; baseline 0.016 -1"><span class='ocrx_word' id='word_1_1' title='bbox 848 214 911 263; x_wconf 82' lang='lat'>29</span> 
     </span>
    </p>
   </div>
   <div class='ocr_carea' id='block_1_2' title="bbox 674 286 965 293">
    <p class='ocr_par' dir='ltr' id='par_1_2' title="bbox 674 286 965 293">
     <span class='ocr_line' id='line_1_2' title="bbox 674 286 965 293; baseline 0 2921"><span class='ocrx_word' id='word_1_2' title='bbox 674 286 965 293; x_wconf 95' lang='lat' dir='ltr'> </span> 
     </span>
    </p>
   </div>
   <div class='ocr_carea' id='block_1_3' title="bbox 181 363 1581 2533">
    <p class='ocr_par' dir='ltr' id='par_1_3' title="bbox 181 363 1577 632">
     <span class='ocr_line' id='line_1_3' title="bbox 181 363 1573 424; baseline -0.004 -13"><span class='ocrx_word' id='word_1_3' title='bbox 181 380 347 424; x_wconf 91' lang='lat' dir='ltr'>quoque</span> <span class='ocrx_word' id='word_1_4' title='bbox 377 366 596 410; x_wconf 82' lang='lat' dir='ltr'>Thebanos</span> <span class='ocrx_word' id='word_1_5' title='bbox 626 366 825 421; x_wconf 88' lang='lat' dir='ltr'>perfidiae</span> <span class='ocrx_word' id='word_1_6' title='bbox 856 379 1031 421; x_wconf 82' lang='lat' dir='ltr'>arguere</span> <span class='ocrx_word' id='word_1_7' title='bbox 1061 368 1105 409; x_wconf 90' lang='lat' dir='ltr'>et</span> <span class='ocrx_word' id='word_1_8' title='bbox 1125 364 1366 421; x_wconf 80' lang='lat' dir='ltr'>injuriosius</span> <span class='ocrx_word' id='word_1_9' title='bbox 1398 364 1450 407; x_wconf 88' lang='lat' dir='ltr'>de</span> <span class='ocrx_word' id='word_1_10' title='bbox 1481 363 1573 417; x_wconf 90' lang='lat' dir='ltr'>ipso</span> 
     </span>
     <span class='ocr_line' id='line_1_4' title="bbox 181 430 1577 493; baseline -0.005 -11"><span class='ocrx_word' id='word_1_11' title='bbox 181 436 468 482; x_wconf 86' lang='lat' dir='ltr'>interficiendo</span> <span class='ocrx_word' id='word_1_12' title='bbox 491 437 728 493; x_wconf 88' lang='lat' dir='ltr'>conjurasse</span> <span class='ocrx_word' id='word_1_13' title='bbox 759 448 832 481; x_wconf 87' lang='lat' dir='ltr'>eos</span> <span class='ocrx_word' id='word_1_14' title='bbox 862 436 1030 480; x_wconf 89' lang='lat' dir='ltr'>diceret.</span> <span class='ocrx_word' id='word_1_15' title='bbox 1062 435 1117 491; x_wconf 84' lang='lat' dir='ltr'>(V</span> <span class='ocrx_word' id='word_1_16' title='bbox 1147 430 1411 489; x_wconf 77' lang='lat'>627—688,)</span> <span class='ocrx_word' id='word_1_17' title='bbox 1462 431 1577 476; x_wconf 89' lang='lat' dir='ltr'>Dein</span> 
     </span>
     <span class='ocr_line' id='line_1_5' title="bbox 183 502 1577 564; baseline -0.004 -12"><span class='ocrx_word' id='word_1_18' title='bbox 183 520 312 564; x_wconf 88' lang='lat' dir='ltr'>quum</span> <span class='ocrx_word' id='word_1_19' title='bbox 334 506 470 551; x_wconf 85' lang='lat' dir='ltr'>Creon</span> <span class='ocrx_word' id='word_1_20' title='bbox 506 507 550 550; x_wconf 92' lang='lat' dir='ltr'>in</span> <span class='ocrx_word' id='word_1_21' title='bbox 581 506 767 557; x_wconf 87' lang='lat' dir='ltr'>abditam</span> <span class='ocrx_word' id='word_1_22' title='bbox 798 506 962 551; x_wconf 88' lang='lat' dir='ltr'>aedium</span> <span class='ocrx_word' id='word_1_23' title='bbox 993 509 1159 561; x_wconf 68' lang='lat' dir='ltr'>partem</span> <span class='ocrx_word' id='word_1_24' title='bbox 1186 503 1443 558; x_wconf 84' lang='lat' dir='ltr'>secessisset,</span> <span class='ocrx_word' id='word_1_25' title='bbox 1475 502 1577 548; x_wconf 87' lang='lat' dir='ltr'>sede</span> 
     </span>
     <span class='ocr_line' id='line_1_6' title="bbox 184 573 1469 632; baseline -0.003 -10"><span class='ocrx_word' id='word_1_26' title='bbox 184 578 393 622; x_wconf 85' lang='lat' dir='ltr'>malorum</span> <span class='ocrx_word' id='word_1_27' title='bbox 424 576 574 632; x_wconf 85' lang='lat' dir='ltr'>Oedipi</span> <span class='ocrx_word' id='word_1_28' title='bbox 603 577 837 621; x_wconf 80' lang='lat' dir='ltr'>rectissime</span> <span class='ocrx_word' id='word_1_29' title='bbox 866 577 925 621; x_wconf 85' lang='lat' dir='ltr'>ita</span> <span class='ocrx_word' id='word_1_30' title='bbox 957 576 1167 632; x_wconf 88' lang='lat' dir='ltr'>descripta</span> <span class='ocrx_word' id='word_1_31' title='bbox 1196 589 1233 619; x_wconf 77' lang='lat' dir='ltr'>v.</span> <span class='ocrx_word' id='word_1_32' title='bbox 1263 573 1351 618; x_wconf 87' lang='grc'>669</span> <span class='ocrx_word' id='word_1_33' title='bbox 1380 587 1469 630; x_wconf 90' lang='lat' dir='ltr'>sqq.</span> 
     </span>
    </p>

    <p class='ocr_par' dir='ltr' id='par_1_4' title="bbox 322 648 1360 709">
     <span class='ocr_line' id='line_1_7' title="bbox 322 648 1360 709; baseline -0.002 -16"><span class='ocrx_word' id='word_1_34' title='bbox 322 651 499 706; x_wconf 71' lang='grc' dir='ltr'><em>στυγνὸς</em></span> <span class='ocrx_word' id='word_1_35' title='bbox 521 650 603 706; x_wconf 80' lang='grc' dir='ltr'>μὲν</span> <span class='ocrx_word' id='word_1_36' title='bbox 633 648 757 692; x_wconf 80' lang='grc' dir='ltr'><em>εἴκων</em></span> <span class='ocrx_word' id='word_1_37' title='bbox 786 649 913 709; x_wconf 76' lang='grc' dir='ltr'><em>δῆλος</em></span> <span class='ocrx_word' id='word_1_38' title='bbox 942 649 980 691; x_wconf 80' lang='grc' dir='ltr'>εἷ</span> <span class='ocrx_word' id='word_1_39' title='bbox 1008 650 1155 707; x_wconf 74' lang='grc' dir='ltr'><strong><em>βαρὺς</em></strong></span> <span class='ocrx_word' id='word_1_40' title='bbox 1183 649 1227 691; x_wconf 75' lang='grc' dir='ltr'>δ’</span> <span class='ocrx_word' id='word_1_41' title='bbox 1259 650 1360 691; x_wconf 76' lang='grc' dir='ltr'><em>ὅταν</em></span> 
     </span>
    </p>

    <p class='ocr_par' dir='ltr' id='par_1_5' title="bbox 322 717 1255 777">
     <span class='ocr_line' id='line_1_8' title="bbox 322 717 1255 777; baseline -0.001 -16"><span class='ocrx_word' id='word_1_42' title='bbox 322 718 463 775; x_wconf 67' lang='grc' dir='ltr'><em>θυμοῦ</em></span> <span class='ocrx_word' id='word_1_43' title='bbox 495 719 704 777; x_wconf 74' lang='grc' dir='ltr'><em>περάσῃς·</em></span> <span class='ocrx_word' id='word_1_44' title='bbox 736 719 779 760; x_wconf 79' lang='grc' dir='ltr'>αἱ</span> <span class='ocrx_word' id='word_1_45' title='bbox 809 717 857 760; x_wconf 77' lang='grc' dir='ltr'>δὲ</span> <span class='ocrx_word' id='word_1_46' title='bbox 887 719 1072 760; x_wconf 79' lang='grc' dir='ltr'><strong><em>τοιαῦται</em></strong></span> <span class='ocrx_word' id='word_1_47' title='bbox 1104 719 1255 775; x_wconf 71' lang='grc' dir='ltr'><em>φύσεις</em></span> 
     </span>
    </p>

    <p class='ocr_par' dir='ltr' id='par_1_6' title="bbox 183 785 1581 2390">
     <span class='ocr_line' id='line_1_9' title="bbox 321 785 1266 844; baseline -0.002 -14"><span class='ocrx_word' id='word_1_48' title='bbox 321 788 471 834; x_wconf 76' lang='grc' dir='ltr'><em>αὑταῖς</em></span> <span class='ocrx_word' id='word_1_49' title='bbox 498 786 672 834; x_wconf 79' lang='grc' dir='ltr'><em>δικαίως·</em></span> <span class='ocrx_word' id='word_1_50' title='bbox 698 787 801 829; x_wconf 78' lang='grc' dir='ltr'><em>εἶσὶν</em></span> <span class='ocrx_word' id='word_1_51' title='bbox 830 785 1015 842; x_wconf 76' lang='grc' dir='ltr'><em>ἄλγισται</em></span> <span class='ocrx_word' id='word_1_52' title='bbox 1049 786 1266 844; x_wconf 71' lang='grc' dir='ltr'>φέρειν.7“)</span> 
     </span>
     <span class='ocr_line' id='line_1_10' title="bbox 184 857 1576 914; baseline -0.001 -11"><span class='ocrx_word' id='word_1_53' title='bbox 184 863 226 904; x_wconf 90' lang='lat' dir='ltr'>et</span> <span class='ocrx_word' id='word_1_54' title='bbox 240 860 407 904; x_wconf 84' lang='lat' dir='ltr'>Iocaste</span> <span class='ocrx_word' id='word_1_55' title='bbox 428 859 675 914; x_wconf 80' lang='lat' dir='ltr'>exquireret,</span> <span class='ocrx_word' id='word_1_56' title='bbox 698 858 798 914; x_wconf 92' lang='lat' dir='ltr'>quid</span> <span class='ocrx_word' id='word_1_57' title='bbox 813 857 970 903; x_wconf 77' lang='lat' dir='ltr'>factum</span> <span class='ocrx_word' id='word_1_58' title='bbox 991 862 1115 912; x_wconf 85' lang='lat' dir='ltr'>esset,</span> <span class='ocrx_word' id='word_1_59' title='bbox 1133 858 1319 913; x_wconf 88' lang='lat' dir='ltr'>Oedipus</span> <span class='ocrx_word' id='word_1_60' title='bbox 1337 870 1431 903; x_wconf 91' lang='lat' dir='ltr'>cum</span> <span class='ocrx_word' id='word_1_61' title='bbox 1449 870 1576 902; x_wconf 86' lang='lat' dir='ltr'>uxore</span> 
     </span>
     <span class='ocr_line' id='line_1_11' title="bbox 185 927 1577 983; baseline -0.001 -10"><span class='ocrx_word' id='word_1_62' title='bbox 185 929 518 983; x_wconf 81' lang='lat' dir='ltr'>communicavit,</span> <span class='ocrx_word' id='word_1_63' title='bbox 551 942 596 973; x_wconf 91' lang='lat' dir='ltr'>se</span> <span class='ocrx_word' id='word_1_64' title='bbox 627 943 653 972; x_wconf 89' lang='lat' dir='ltr'>a</span> <span class='ocrx_word' id='word_1_65' title='bbox 673 929 853 982; x_wconf 86' lang='lat' dir='ltr'>Tiresia,</span> <span class='ocrx_word' id='word_1_66' title='bbox 885 942 1010 983; x_wconf 85' lang='lat' dir='ltr'>quem</span> <span class='ocrx_word' id='word_1_67' title='bbox 1029 929 1143 972; x_wconf 89' lang='lat' dir='ltr'>haud</span> <span class='ocrx_word' id='word_1_68' title='bbox 1172 928 1296 972; x_wconf 85' lang='lat' dir='ltr'>dubie</span> <span class='ocrx_word' id='word_1_69' title='bbox 1319 927 1453 972; x_wconf 87' lang='lat' dir='ltr'>Creon</span> <span class='ocrx_word' id='word_1_70' title='bbox 1486 941 1577 972; x_wconf 91' lang='lat' dir='ltr'>cor-</span> 
     </span>
     <span class='ocr_line' id='line_1_12' title="bbox 183 996 1578 1054; baseline -0.002 -11"><span class='ocrx_word' id='word_1_71' title='bbox 183 999 367 1054; x_wconf 79' lang='lat' dir='ltr'>rupisset</span> <span class='ocrx_word' id='word_1_72' title='bbox 398 1003 439 1043; x_wconf 87' lang='lat' dir='ltr'>et</span> <span class='ocrx_word' id='word_1_73' title='bbox 470 999 706 1054; x_wconf 83' lang='lat' dir='ltr'>impulisset</span> <span class='ocrx_word' id='word_1_74' title='bbox 743 999 800 1044; x_wconf 85' lang='lat' dir='ltr'>ad</span> <span class='ocrx_word' id='word_1_75' title='bbox 840 998 1118 1043; x_wconf 90' lang='lat' dir='ltr'>calumniosas</span> <span class='ocrx_word' id='word_1_76' title='bbox 1159 997 1470 1043; x_wconf 80' lang='lat' dir='ltr'>criminationes</span> <span class='ocrx_word' id='word_1_77' title='bbox 1500 996 1578 1040; x_wconf 91' lang='lat' dir='ltr'>fin-</span> 
     </span>
     <span class='ocr_line' id='line_1_13' title="bbox 187 1068 1578 1123; baseline -0.001 -11"><span class='ocrx_word' id='word_1_78' title='bbox 187 1069 358 1123; x_wconf 84' lang='lat' dir='ltr'>gendas,</span> <span class='ocrx_word' id='word_1_79' title='bbox 390 1081 682 1123; x_wconf 89' lang='lat' dir='ltr'>percussorem</span> <span class='ocrx_word' id='word_1_80' title='bbox 713 1068 805 1112; x_wconf 87' lang='lat' dir='ltr'>Laii</span> <span class='ocrx_word' id='word_1_81' title='bbox 838 1081 929 1112; x_wconf 89' lang='lat' dir='ltr'>esse</span> <span class='ocrx_word' id='word_1_82' title='bbox 951 1069 1218 1123; x_wconf 88' lang='lat' dir='ltr'>appellatum.</span> <span class='ocrx_word' id='word_1_83' title='bbox 1263 1068 1369 1111; x_wconf 88' lang='lat' dir='ltr'>Tum</span> <span class='ocrx_word' id='word_1_84' title='bbox 1399 1068 1578 1120; x_wconf 85' lang='lat' dir='ltr'>Iocaste,</span> 
     </span>
     <span class='ocr_line' id='line_1_14' title="bbox 184 1132 1579 1194; baseline -0.001 -13"><span class='ocrx_word' id='word_1_85' title='bbox 184 1138 305 1193; x_wconf 82' lang='lat' dir='ltr'>quasi</span> <span class='ocrx_word' id='word_1_86' title='bbox 353 1137 558 1193; x_wconf 85' lang='lat' dir='ltr'>ingeniosi</span> <span class='ocrx_word' id='word_1_87' title='bbox 604 1138 762 1193; x_wconf 90' lang='lat' dir='ltr'>aliquid</span> <span class='ocrx_word' id='word_1_88' title='bbox 804 1138 1129 1194; x_wconf 85' lang='lat' dir='ltr'>excogitavisset</span> <span class='ocrx_word' id='word_1_89' title='bbox 1174 1150 1223 1181; x_wconf 89' lang='lat' dir='ltr'>ac</span> <span class='ocrx_word' id='word_1_90' title='bbox 1267 1132 1579 1181; x_wconf 85' lang='lat' dir='ltr'>machinaretur</span> 
     </span>
     <span class='ocr_line' id='line_1_15' title="bbox 184 1207 1578 1264; baseline -0.001 -13"><span class='ocrx_word' id='word_1_91' title='bbox 184 1211 345 1260; x_wconf 86' lang='lat' dir='ltr'>astute,</span> <span class='ocrx_word' id='word_1_92' title='bbox 388 1211 436 1251; x_wconf 93' lang='lat' dir='ltr'>ut</span> <span class='ocrx_word' id='word_1_93' title='bbox 466 1208 602 1252; x_wconf 89' lang='lat' dir='ltr'>virum</span> <span class='ocrx_word' id='word_1_94' title='bbox 631 1208 819 1264; x_wconf 86' lang='lat' dir='ltr'>vestigiis</span> <span class='ocrx_word' id='word_1_95' title='bbox 851 1208 1071 1264; x_wconf 83' lang='lat' dir='ltr'>diligenter</span> <span class='ocrx_word' id='word_1_96' title='bbox 1103 1207 1361 1252; x_wconf 87' lang='lat' dir='ltr'>conturbatis</span> <span class='ocrx_word' id='word_1_97' title='bbox 1401 1211 1478 1250; x_wconf 86' lang='lat' dir='ltr'>aut</span> <span class='ocrx_word' id='word_1_98' title='bbox 1507 1207 1578 1250; x_wconf 90' lang='lat' dir='ltr'>de-</span> 
     </span>
     <span class='ocr_line' id='line_1_16' title="bbox 184 1272 1578 1334; baseline -0.001 -13"><span class='ocrx_word' id='word_1_99' title='bbox 184 1277 277 1321; x_wconf 82' lang='lat' dir='ltr'>letis</span> <span class='ocrx_word' id='word_1_100' title='bbox 305 1278 358 1322; x_wconf 89' lang='lat' dir='ltr'>ab</span> <span class='ocrx_word' id='word_1_101' title='bbox 389 1278 561 1322; x_wconf 88' lang='lat' dir='ltr'>interitu</span> <span class='ocrx_word' id='word_1_102' title='bbox 583 1282 781 1331; x_wconf 87' lang='lat' dir='ltr'>servaret,</span> <span class='ocrx_word' id='word_1_103' title='bbox 813 1272 1000 1322; x_wconf 85' lang='lat' dir='ltr'>narravit</span> <span class='ocrx_word' id='word_1_104' title='bbox 1021 1278 1069 1329; x_wconf 90' lang='lat' dir='ltr'>ei,</span> <span class='ocrx_word' id='word_1_105' title='bbox 1101 1277 1202 1334; x_wconf 92' lang='lat' dir='ltr'>quid</span> <span class='ocrx_word' id='word_1_106' title='bbox 1222 1278 1322 1322; x_wconf 91' lang='lat' dir='ltr'>olim</span> <span class='ocrx_word' id='word_1_107' title='bbox 1340 1277 1443 1322; x_wconf 85' lang='lat' dir='ltr'>Laio</span> <span class='ocrx_word' id='word_1_108' title='bbox 1465 1281 1578 1321; x_wconf 88' lang='lat' dir='ltr'>esset</span> 
     </span>
     <span class='ocr_line' id='line_1_17' title="bbox 183 1347 1579 1404; baseline -0.001 -13"><span class='ocrx_word' id='word_1_109' title='bbox 183 1348 465 1403; x_wconf 88' lang='lat' dir='ltr'>praedictum,</span> <span class='ocrx_word' id='word_1_110' title='bbox 502 1350 711 1404; x_wconf 89' lang='lat' dir='ltr'>quomodo</span> <span class='ocrx_word' id='word_1_111' title='bbox 741 1349 853 1393; x_wconf 91' lang='lat' dir='ltr'>illius</span> <span class='ocrx_word' id='word_1_112' title='bbox 883 1349 1072 1393; x_wconf 87' lang='lat' dir='ltr'>vaticinii</span> <span class='ocrx_word' id='word_1_113' title='bbox 1105 1361 1256 1393; x_wconf 87' lang='lat' dir='ltr'>caussa</span> <span class='ocrx_word' id='word_1_114' title='bbox 1285 1349 1413 1392; x_wconf 88' lang='lat' dir='ltr'>Laius</span> <span class='ocrx_word' id='word_1_115' title='bbox 1443 1347 1579 1391; x_wconf 85' lang='lat' dir='ltr'>infan-</span> 
     </span>
     <span class='ocr_line' id='line_1_18' title="bbox 183 1418 1578 1475; baseline -0.001 -13"><span class='ocrx_word' id='word_1_116' title='bbox 183 1422 270 1462; x_wconf 91' lang='lat' dir='ltr'>tem</span> <span class='ocrx_word' id='word_1_117' title='bbox 308 1431 359 1462; x_wconf 85' lang='lat' dir='ltr'>ex</span> <span class='ocrx_word' id='word_1_118' title='bbox 400 1431 446 1462; x_wconf 91' lang='lat' dir='ltr'>se</span> <span class='ocrx_word' id='word_1_119' title='bbox 484 1419 581 1473; x_wconf 87' lang='lat' dir='ltr'>ipsa</span> <span class='ocrx_word' id='word_1_120' title='bbox 619 1419 831 1463; x_wconf 87' lang='lat' dir='ltr'>sublatum</span> <span class='ocrx_word' id='word_1_121' title='bbox 861 1418 1038 1463; x_wconf 88' lang='lat' dir='ltr'>interfici</span> <span class='ocrx_word' id='word_1_122' title='bbox 1073 1419 1272 1475; x_wconf 86' lang='lat' dir='ltr'>jussisset</span> <span class='ocrx_word' id='word_1_123' title='bbox 1309 1422 1351 1462; x_wconf 88' lang='lat' dir='ltr'>et</span> <span class='ocrx_word' id='word_1_124' title='bbox 1388 1418 1488 1473; x_wconf 91' lang='lat' dir='ltr'>quid</span> <span class='ocrx_word' id='word_1_125' title='bbox 1525 1418 1578 1461; x_wconf 86' lang='lat' dir='ltr'>de</span> 
     </span>
     <span class='ocr_line' id='line_1_19' title="bbox 184 1487 1579 1545; baseline -0.001 -14"><span class='ocrx_word' id='word_1_126' title='bbox 184 1491 321 1532; x_wconf 86' lang='lat' dir='ltr'>morte</span> <span class='ocrx_word' id='word_1_127' title='bbox 346 1488 493 1543; x_wconf 89' lang='lat' dir='ltr'>prioris</span> <span class='ocrx_word' id='word_1_128' title='bbox 516 1489 701 1545; x_wconf 90' lang='lat' dir='ltr'>conjugis</span> <span class='ocrx_word' id='word_1_129' title='bbox 723 1487 971 1544; x_wconf 86' lang='lat' dir='ltr'>accepisset.</span> <span class='ocrx_word' id='word_1_130' title='bbox 1008 1489 1114 1533; x_wconf 88' lang='lat' dir='ltr'>Tota</span> <span class='ocrx_word' id='word_1_131' title='bbox 1134 1489 1331 1542; x_wconf 87' lang='lat' dir='ltr'>narratio,</span> <span class='ocrx_word' id='word_1_132' title='bbox 1352 1488 1579 1543; x_wconf 86' lang='lat' dir='ltr'>praecipue</span> 
     </span>
     <span class='ocr_line' id='line_1_20' title="bbox 186 1557 1578 1615; baseline 0.001 -15"><span class='ocrx_word' id='word_1_133' title='bbox 186 1561 328 1601; x_wconf 85' lang='lat' dir='ltr'>tamen</span> <span class='ocrx_word' id='word_1_134' title='bbox 359 1558 493 1613; x_wconf 90' lang='lat' dir='ltr'>prima</span> <span class='ocrx_word' id='word_1_135' title='bbox 531 1563 574 1603; x_wconf 90' lang='lat' dir='ltr'>et</span> <span class='ocrx_word' id='word_1_136' title='bbox 611 1563 798 1604; x_wconf 87' lang='lat' dir='ltr'>extrema</span> <span class='ocrx_word' id='word_1_137' title='bbox 836 1573 934 1615; x_wconf 89' lang='lat' dir='ltr'>pars</span> <span class='ocrx_word' id='word_1_138' title='bbox 975 1560 1207 1611; x_wconf 87' lang='lat' dir='ltr'>declarant,</span> <span class='ocrx_word' id='word_1_139' title='bbox 1248 1558 1394 1614; x_wconf 88' lang='lat' dir='ltr'>quanti</span> <span class='ocrx_word' id='word_1_140' title='bbox 1430 1557 1578 1614; x_wconf 84' lang='lat' dir='ltr'>regina</span> 
     </span>
     <span class='ocr_line' id='line_1_21' title="bbox 185 1627 1578 1685; baseline 0.001 -14"><span class='ocrx_word' id='word_1_141' title='bbox 185 1627 332 1673; x_wconf 86' lang='lat' dir='ltr'>fecerit</span> <span class='ocrx_word' id='word_1_142' title='bbox 362 1629 686 1675; x_wconf 84' lang='lat' dir='ltr'>vaticinationes</span> <span class='ocrx_word' id='word_1_143' title='bbox 719 1633 761 1674; x_wconf 87' lang='lat' dir='ltr'>et</span> <span class='ocrx_word' id='word_1_144' title='bbox 792 1630 973 1684; x_wconf 86' lang='lat' dir='ltr'>oracula,</span> <span class='ocrx_word' id='word_1_145' title='bbox 1005 1630 1195 1685; x_wconf 85' lang='lat' dir='ltr'>quamvis</span> <span class='ocrx_word' id='word_1_146' title='bbox 1216 1629 1404 1685; x_wconf 86' lang='lat' dir='ltr'>professa</span> <span class='ocrx_word' id='word_1_147' title='bbox 1433 1629 1500 1683; x_wconf 90' lang='lat' dir='ltr'>sit,</span> <span class='ocrx_word' id='word_1_148' title='bbox 1532 1637 1578 1672; x_wconf 88' lang='lat' dir='ltr'>se</span> 
     </span>
     <span class='ocr_line' id='line_1_22' title="bbox 185 1699 1578 1756; baseline 0 -14"><span class='ocrx_word' id='word_1_149' title='bbox 185 1699 286 1742; x_wconf 87' lang='lat' dir='ltr'>deos</span> <span class='ocrx_word' id='word_1_150' title='bbox 308 1699 457 1753; x_wconf 87' lang='lat' dir='ltr'>colere,</span> <span class='ocrx_word' id='word_1_151' title='bbox 488 1703 531 1744; x_wconf 89' lang='lat' dir='ltr'>et</span> <span class='ocrx_word' id='word_1_152' title='bbox 560 1699 760 1745; x_wconf 85' lang='lat' dir='ltr'>falsorum</span> <span class='ocrx_word' id='word_1_153' title='bbox 782 1701 1047 1745; x_wconf 89' lang='lat' dir='ltr'>oraculorum</span> <span class='ocrx_word' id='word_1_154' title='bbox 1069 1701 1234 1756; x_wconf 86' lang='lat' dir='ltr'>culpam</span> <span class='ocrx_word' id='word_1_155' title='bbox 1265 1700 1308 1744; x_wconf 93' lang='lat' dir='ltr'>in</span> <span class='ocrx_word' id='word_1_156' title='bbox 1338 1699 1578 1744; x_wconf 86' lang='lat' dir='ltr'>sacerdotes</span> 
     </span>
     <span class='ocr_line' id='line_1_23' title="bbox 185 1768 1579 1828; baseline 0 -15"><span class='ocrx_word' id='word_1_157' title='bbox 185 1768 422 1813; x_wconf 88' lang='lat' dir='ltr'>contulerit.</span> <span class='ocrx_word' id='word_1_158' title='bbox 484 1769 567 1814; x_wconf 85' lang='lat' dir='ltr'>Sed</span> <span class='ocrx_word' id='word_1_159' title='bbox 607 1771 831 1816; x_wconf 91' lang='lat' dir='ltr'>temeraria</span> <span class='ocrx_word' id='word_1_160' title='bbox 876 1784 926 1816; x_wconf 93' lang='lat' dir='ltr'>ac</span> <span class='ocrx_word' id='word_1_161' title='bbox 969 1771 1052 1816; x_wconf 86' lang='lat' dir='ltr'>levi</span> <span class='ocrx_word' id='word_1_162' title='bbox 1099 1771 1287 1828; x_wconf 88' lang='lat' dir='ltr'>conjugis</span> <span class='ocrx_word' id='word_1_163' title='bbox 1327 1770 1579 1824; x_wconf 87' lang='lat' dir='ltr'>narratione,</span> 
     </span>
     <span class='ocr_line' id='line_1_24' title="bbox 185 1839 1581 1897; baseline 0.001 -15"><span class='ocrx_word' id='word_1_164' title='bbox 185 1843 283 1882; x_wconf 86' lang='lat' dir='ltr'>ante</span> <span class='ocrx_word' id='word_1_165' title='bbox 323 1840 462 1883; x_wconf 83' lang='lat' dir='ltr'>omnia</span> <span class='ocrx_word' id='word_1_166' title='bbox 504 1839 683 1895; x_wconf 75' lang='grc' dir='ltr'><em>τριπλῶν</em></span> <span class='ocrx_word' id='word_1_167' title='bbox 712 1842 925 1897; x_wconf 79' lang='grc' dir='ltr'>ἁμαξιτῶν</span> <span class='ocrx_word' id='word_1_168' title='bbox 965 1842 1360 1887; x_wconf 89' lang='lat' dir='ltr'>commemoratione</span> <span class='ocrx_word' id='word_1_169' title='bbox 1396 1840 1581 1897; x_wconf 85' lang='lat' dir='ltr'>graviter</span> 
     </span>
     <span class='ocr_line' id='line_1_25' title="bbox 185 1910 1580 1968; baseline 0.001 -15"><span class='ocrx_word' id='word_1_170' title='bbox 185 1914 468 1954; x_wconf 84' lang='lat' dir='ltr'>commovetur</span> <span class='ocrx_word' id='word_1_171' title='bbox 500 1910 704 1965; x_wconf 83' lang='lat' dir='ltr'>Oedipus3</span> <span class='ocrx_word' id='word_1_172' title='bbox 746 1915 789 1955; x_wconf 91' lang='lat' dir='ltr'>et</span> <span class='ocrx_word' id='word_1_173' title='bbox 819 1925 948 1966; x_wconf 91' lang='lat' dir='ltr'>quum</span> <span class='ocrx_word' id='word_1_174' title='bbox 979 1926 1103 1968; x_wconf 88' lang='lat' dir='ltr'>porro</span> <span class='ocrx_word' id='word_1_175' title='bbox 1143 1912 1383 1968; x_wconf 87' lang='lat' dir='ltr'>quaerendo</span> <span class='ocrx_word' id='word_1_176' title='bbox 1415 1923 1580 1965; x_wconf 89' lang='lat' dir='ltr'>compe-</span> 
     </span>
     <span class='ocr_line' id='line_1_26' title="bbox 184 1979 1579 2037; baseline 0.001 -14"><span class='ocrx_word' id='word_1_177' title='bbox 184 1981 318 2035; x_wconf 85' lang='lat' dir='ltr'>risset,</span> <span class='ocrx_word' id='word_1_178' title='bbox 350 1979 502 2035; x_wconf 90' lang='lat' dir='ltr'>locum,</span> <span class='ocrx_word' id='word_1_179' title='bbox 534 1984 701 2036; x_wconf 89' lang='lat' dir='ltr'>tempus</span> <span class='ocrx_word' id='word_1_180' title='bbox 723 1981 914 2037; x_wconf 88' lang='lat' dir='ltr'>aliasque</span> <span class='ocrx_word' id='word_1_181' title='bbox 936 1995 1003 2026; x_wconf 90' lang='lat' dir='ltr'>res</span> <span class='ocrx_word' id='word_1_182' title='bbox 1024 1983 1140 2026; x_wconf 91' lang='lat' dir='ltr'>illam</span> <span class='ocrx_word' id='word_1_183' title='bbox 1161 1995 1308 2026; x_wconf 87' lang='lat' dir='ltr'>necem</span> <span class='ocrx_word' id='word_1_184' title='bbox 1330 1980 1579 2037; x_wconf 86' lang='lat' dir='ltr'>significare,</span> 
     </span>
     <span class='ocr_line' id='line_1_27' title="bbox 185 2051 1578 2107; baseline 0.001 -14"><span class='ocrx_word' id='word_1_185' title='bbox 185 2063 310 2104; x_wconf 88' lang='lat' dir='ltr'>quam</span> <span class='ocrx_word' id='word_1_186' title='bbox 332 2051 422 2105; x_wconf 89' lang='lat' dir='ltr'>ipse</span> <span class='ocrx_word' id='word_1_187' title='bbox 444 2051 733 2105; x_wconf 88' lang='lat' dir='ltr'>commisisset,</span> <span class='ocrx_word' id='word_1_188' title='bbox 760 2053 849 2107; x_wconf 90' lang='lat' dir='ltr'>jam</span> <span class='ocrx_word' id='word_1_189' title='bbox 870 2066 947 2107; x_wconf 89' lang='lat' dir='ltr'>pro</span> <span class='ocrx_word' id='word_1_190' title='bbox 968 2057 1082 2097; x_wconf 88' lang='lat' dir='ltr'>certo</span> <span class='ocrx_word' id='word_1_191' title='bbox 1103 2053 1243 2106; x_wconf 84' lang='lat' dir='ltr'>habet,</span> <span class='ocrx_word' id='word_1_192' title='bbox 1275 2066 1321 2096; x_wconf 88' lang='lat' dir='ltr'>se</span> <span class='ocrx_word' id='word_1_193' title='bbox 1342 2052 1445 2096; x_wconf 89' lang='lat' dir='ltr'>Laio</span> <span class='ocrx_word' id='word_1_194' title='bbox 1467 2065 1578 2095; x_wconf 84' lang='lat' dir='ltr'>mor-</span> 
     </span>
     <span class='ocr_line' id='line_1_28' title="bbox 185 2120 1579 2177; baseline 0.001 -15"><span class='ocrx_word' id='word_1_195' title='bbox 185 2123 272 2163; x_wconf 88' lang='lat' dir='ltr'>tem</span> <span class='ocrx_word' id='word_1_196' title='bbox 313 2120 515 2164; x_wconf 85' lang='lat' dir='ltr'>intulisse.</span> <span class='ocrx_word' id='word_1_197' title='bbox 527 2120 578 2176; x_wconf 77' lang='lat'>⁷²)</span> <span class='ocrx_word' id='word_1_198' title='bbox 638 2121 777 2175; x_wconf 85' lang='lat' dir='ltr'>Atque</span> <span class='ocrx_word' id='word_1_199' title='bbox 817 2121 914 2165; x_wconf 90' lang='lat' dir='ltr'>hinc</span> <span class='ocrx_word' id='word_1_200' title='bbox 951 2122 1098 2177; x_wconf 90' lang='lat' dir='ltr'>incipit</span> <span class='ocrx_word' id='word_1_201' title='bbox 1136 2122 1209 2165; x_wconf 86' lang='lat' dir='ltr'>illa</span> <span class='ocrx_word' id='word_1_202' title='bbox 1255 2122 1308 2166; x_wconf 90' lang='lat' dir='ltr'>ab</span> <span class='ocrx_word' id='word_1_203' title='bbox 1353 2122 1579 2166; x_wconf 88' lang='lat' dir='ltr'>Aristotele</span> 
     </span>
     <span class='ocr_line' id='line_1_29' title="bbox 185 2181 1578 2249; baseline -0.001 -16"><span class='ocrx_word' id='word_1_204' title='bbox 185 2189 358 2234; x_wconf 87' lang='lat' dir='ltr'>laudata</span> <span class='ocrx_word' id='word_1_205' title='bbox 390 2193 433 2235; x_wconf 89' lang='lat' dir='ltr'>et</span> <span class='ocrx_word' id='word_1_206' title='bbox 463 2191 755 2236; x_wconf 87' lang='lat' dir='ltr'>admirandum</span> <span class='ocrx_word' id='word_1_207' title='bbox 785 2192 828 2236; x_wconf 91' lang='lat' dir='ltr'>in</span> <span class='ocrx_word' id='word_1_208' title='bbox 852 2181 1031 2237; x_wconf 81' lang='lat' dir='ltr'>modum</span> <span class='ocrx_word' id='word_1_209' title='bbox 1053 2194 1250 2237; x_wconf 88' lang='lat' dir='ltr'>instituta</span> <span class='ocrx_word' id='word_1_210' title='bbox 1270 2190 1578 2249; x_wconf 69' lang='grc' dir='ltr'><em>περιπέτεια,73)</em></span> 
     </span>
     <span class='ocr_line' id='line_1_30' title="bbox 185 2261 1579 2319; baseline 0.001 -16"><span class='ocrx_word' id='word_1_211' title='bbox 185 2273 312 2315; x_wconf 90' lang='lat' dir='ltr'>quum</span> <span class='ocrx_word' id='word_1_212' title='bbox 343 2261 564 2316; x_wconf 86' lang='lat' dir='ltr'>paullatim</span> <span class='ocrx_word' id='word_1_213' title='bbox 596 2266 639 2307; x_wconf 89' lang='lat' dir='ltr'>et</span> <span class='ocrx_word' id='word_1_214' title='bbox 659 2263 781 2318; x_wconf 83' lang='lat' dir='ltr'>quasi</span> <span class='ocrx_word' id='word_1_215' title='bbox 802 2263 1061 2319; x_wconf 85' lang='lat' dir='ltr'>pedetentim</span> <span class='ocrx_word' id='word_1_216' title='bbox 1084 2263 1268 2319; x_wconf 89' lang='lat' dir='ltr'>Oedipus</span> <span class='ocrx_word' id='word_1_217' title='bbox 1298 2274 1444 2306; x_wconf 87' lang='lat' dir='ltr'>verum</span> <span class='ocrx_word' id='word_1_218' title='bbox 1475 2262 1579 2305; x_wconf 89' lang='lat' dir='ltr'>divi-</span> 
     </span>
     <span class='ocr_line' id='line_1_31' title="bbox 184 2333 1577 2390; baseline 0.001 -15"><span class='ocrx_word' id='word_1_219' title='bbox 184 2343 285 2376; x_wconf 86' lang='lat' dir='ltr'>nare</span> <span class='ocrx_word' id='word_1_220' title='bbox 315 2345 366 2377; x_wconf 89' lang='lat' dir='ltr'>ac</span> <span class='ocrx_word' id='word_1_221' title='bbox 396 2333 656 2388; x_wconf 73' lang='lat' dir='ltr'>praesentire</span> <span class='ocrx_word' id='word_1_222' title='bbox 677 2335 880 2390; x_wconf 89' lang='lat' dir='ltr'>coeperit;</span> <span class='ocrx_word' id='word_1_223' title='bbox 926 2348 1004 2380; x_wconf 92' lang='lat' dir='ltr'>nec</span> <span class='ocrx_word' id='word_1_224' title='bbox 1035 2338 1098 2379; x_wconf 89' lang='lat' dir='ltr'>est</span> <span class='ocrx_word' id='word_1_225' title='bbox 1129 2347 1253 2390; x_wconf 87' lang='lat' dir='ltr'>quem</span> <span class='ocrx_word' id='word_1_226' title='bbox 1275 2333 1419 2389; x_wconf 86' lang='lat' dir='ltr'>fugiat,</span> <span class='ocrx_word' id='word_1_227' title='bbox 1451 2346 1577 2388; x_wconf 89' lang='lat' dir='ltr'>quam</span> 
     </span>
    </p>

    <p class='ocr_par' dir='ltr' id='par_1_7' title="bbox 283 2424 1579 2472">
     <span class='ocr_line' id='line_1_32' title="bbox 283 2424 1579 2472; baseline 0.001 -13"><span class='ocrx_word' id='word_1_228' title='bbox 283 2425 328 2469; x_wconf 69' lang='lat'>³¹)</span> <span class='ocrx_word' id='word_1_229' title='bbox 355 2424 416 2459; x_wconf 91' lang='lat' dir='ltr'>Ad</span> <span class='ocrx_word' id='word_1_230' title='bbox 441 2436 533 2470; x_wconf 83' lang='lat' dir='ltr'>quae</span> <span class='ocrx_word' id='word_1_231' title='bbox 560 2425 835 2464; x_wconf 84' lang='lat' dir='ltr'>Schwenckius:</span> <span class='ocrx_word' id='word_1_232' title='bbox 861 2428 987 2463; x_wconf 87' lang='lat' dir='ltr'>Damit</span> <span class='ocrx_word' id='word_1_233' title='bbox 1011 2427 1076 2462; x_wconf 83' lang='lat' dir='ltr'>hat</span> <span class='ocrx_word' id='word_1_234' title='bbox 1100 2427 1166 2462; x_wconf 83' lang='lat' dir='ltr'>der</span> <span class='ocrx_word' id='word_1_235' title='bbox 1183 2426 1336 2462; x_wconf 85' lang='lat' dir='ltr'>Dichter</span> <span class='ocrx_word' id='word_1_236' title='bbox 1353 2425 1417 2460; x_wconf 83' lang='lat' dir='ltr'>das</span> <span class='ocrx_word' id='word_1_237' title='bbox 1435 2424 1579 2472; x_wconf 82' lang='lat' dir='ltr'>Haupt-</span> 
     </span>
    </p>

    <p class='ocr_par' dir='ltr' id='par_1_8' title="bbox 189 2482 1579 2533">
     <span class='ocr_line' id='line_1_33' title="bbox 189 2482 1579 2533; baseline 0.001 -17"><span class='ocrx_word' id='word_1_238' title='bbox 189 2482 273 2517; x_wconf 84' lang='lat' dir='ltr'>iibel</span> <span class='ocrx_word' id='word_1_239' title='bbox 299 2482 363 2518; x_wconf 86' lang='lat' dir='ltr'>des</span> <span class='ocrx_word' id='word_1_240' title='bbox 389 2482 550 2530; x_wconf 88' lang='lat' dir='ltr'>Oedipus</span> <span class='ocrx_word' id='word_1_241' title='bbox 570 2486 881 2533; x_wconf 83' lang='lat' dir='ltr'>ausgesprochen,</span> <span class='ocrx_word' id='word_1_242' title='bbox 912 2486 983 2521; x_wconf 86' lang='lat' dir='ltr'>den</span> <span class='ocrx_word' id='word_1_243' title='bbox 1010 2486 1129 2521; x_wconf 86' lang='lat' dir='ltr'>dieses</span> <span class='ocrx_word' id='word_1_244' title='bbox 1154 2484 1313 2520; x_wconf 81' lang='lat' dir='ltr'>bestand</span> <span class='ocrx_word' id='word_1_245' title='bbox 1329 2484 1367 2518; x_wconf 90' lang='lat' dir='ltr'>in</span> <span class='ocrx_word' id='word_1_246' title='bbox 1394 2484 1477 2519; x_wconf 84' lang='lat' dir='ltr'>dem</span> <span class='ocrx_word' id='word_1_247' title='bbox 1504 2485 1579 2519; x_wconf 80' lang='lat' dir='ltr'>auf-</span> 
     </span>
    </p>
   </div>
   <div class='ocr_carea' id='block_1_4' title="bbox 184 2540 1579 2586">
    <p class='ocr_par' dir='ltr' id='par_1_9' title="bbox 184 2540 1579 2586">
     <span class='ocr_line' id='line_1_34' title="bbox 184 2540 1579 2586; baseline 0.003 -12"><span class='ocrx_word' id='word_1_248' title='bbox 184 2540 417 2576; x_wconf 85' lang='lat' dir='ltr'>brausenden</span> <span class='ocrx_word' id='word_1_249' title='bbox 433 2540 588 2576; x_wconf 85' lang='lat' dir='ltr'>Gemiith</span> <span class='ocrx_word' id='word_1_250' title='bbox 600 2568 609 2586; x_wconf 89' lang='lat'><em>‚</em></span> <span class='ocrx_word' id='word_1_251' title='bbox 628 2543 692 2578; x_wconf 83' lang='lat' dir='ltr'>das</span> <span class='ocrx_word' id='word_1_252' title='bbox 710 2546 802 2578; x_wconf 85' lang='lat' dir='ltr'>statt</span> <span class='ocrx_word' id='word_1_253' title='bbox 818 2543 1156 2579; x_wconf 84' lang='lat' dir='ltr'>hereinbrechende</span> <span class='ocrx_word' id='word_1_254' title='bbox 1172 2543 1291 2578; x_wconf 91' lang='lat' dir='ltr'>Uebel</span> <span class='ocrx_word' id='word_1_255' title='bbox 1305 2542 1421 2578; x_wconf 88' lang='lat' dir='ltr'>durch</span> <span class='ocrx_word' id='word_1_256' title='bbox 1435 2542 1579 2579; x_wconf 88' lang='lat' dir='ltr'>Geduld</span> 
     </span>
    </p>
   </div>
   <div class='ocr_carea' id='block_1_5' title="bbox 184 2599 1579 2696">
    <p class='ocr_par' dir='ltr' id='par_1_10' title="bbox 184 2599 1579 2696">
     <span class='ocr_line' id='line_1_35' title="bbox 184 2599 1579 2650; baseline 0.004 -18"><span class='ocrx_word' id='word_1_257' title='bbox 184 2609 227 2632; x_wconf 83' lang='lat' dir='ltr'>zu</span> <span class='ocrx_word' id='word_1_258' title='bbox 258 2599 434 2644; x_wconf 88' lang='lat' dir='ltr'>mildern,</span> <span class='ocrx_word' id='word_1_259' title='bbox 468 2600 583 2636; x_wconf 86' lang='lat' dir='ltr'>durch</span> <span class='ocrx_word' id='word_1_260' title='bbox 615 2600 716 2637; x_wconf 87' lang='lat' dir='ltr'>seine</span> <span class='ocrx_word' id='word_1_261' title='bbox 747 2602 876 2650; x_wconf 86' lang='lat' dir='ltr'>eigene</span> <span class='ocrx_word' id='word_1_262' title='bbox 910 2602 998 2638; x_wconf 84' lang='lat' dir='ltr'>Glut</span> <span class='ocrx_word' id='word_1_263' title='bbox 1029 2614 1072 2637; x_wconf 88' lang='lat' dir='ltr'>zu</span> <span class='ocrx_word' id='word_1_264' title='bbox 1107 2602 1342 2639; x_wconf 86' lang='lat' dir='ltr'>brennender</span> <span class='ocrx_word' id='word_1_265' title='bbox 1374 2602 1466 2646; x_wconf 81' lang='lat' dir='ltr'>Qual</span> <span class='ocrx_word' id='word_1_266' title='bbox 1500 2606 1579 2638; x_wconf 88' lang='lat' dir='ltr'>ent-</span> 
     </span>
     <span class='ocr_line' id='line_1_36' title="bbox 184 2658 373 2696; baseline 0.021 -4"><span class='ocrx_word' id='word_1_267' title='bbox 184 2658 373 2696; x_wconf 84' lang='lat' dir='ltr'>zuendete.</span> 
     </span>
    </p>
   </div>
   <div class='ocr_carea' id='block_1_6' title="bbox 282 2713 717 2826">
    <p class='ocr_par' dir='ltr' id='par_1_11' title="bbox 282 2713 717 2826">
     <span class='ocr_line' id='line_1_37' title="bbox 282 2713 667 2766; baseline 0.021 -17"><span class='ocrx_word' id='word_1_268' title='bbox 282 2716 326 2763; x_wconf 80' lang='lat'>⁷2)</span> <span class='ocrx_word' id='word_1_269' title='bbox 353 2717 394 2753; x_wconf 93' lang='lat' dir='ltr'>O.</span> <span class='ocrx_word' id='word_1_270' title='bbox 420 2717 463 2753; x_wconf 87' lang='lat' dir='ltr'>R.</span> <span class='ocrx_word' id='word_1_271' title='bbox 490 2717 556 2754; x_wconf 86' lang='lat'>689</span> <span class='ocrx_word' id='word_1_272' title='bbox 582 2730 635 2766; x_wconf 81' lang='lat' dir='ltr'>sq.</span> <span class='ocrx_word' id='word_1_273' title='bbox 665 2713 667 2715; x_wconf 39' lang='lat'>¹</span> 
     </span>
     <span class='ocr_line' id='line_1_38' title="bbox 282 2775 717 2826; baseline 0.016 -18"><span class='ocrx_word' id='word_1_274' title='bbox 282 2775 327 2822; x_wconf 74' lang='lat'>⁷³)</span> <span class='ocrx_word' id='word_1_275' title='bbox 353 2776 511 2814; x_wconf 85' lang='lat' dir='ltr'>Aristot.</span> <span class='ocrx_word' id='word_1_276' title='bbox 536 2781 634 2826; x_wconf 86' lang='lat' dir='ltr'>poet.</span> <span class='ocrx_word' id='word_1_277' title='bbox 665 2778 717 2816; x_wconf 89' lang='lat'>10.</span> 
     </span>
    </p>
   </div>
  </div>
 </body>
</html>
