1776 3214
857 277 920 326 26
1563 315 1634 331 -.-

189 430 343 471 censet.
375 427 442 482 (V.
475 424 559 469 124
590 426 669 482 sq.)
683 426 737 482 ⁶²)
788 425 1006 483 Ejusmodi
1043 428 1301 484 hominibus,
1342 432 1479 486 qualis
1510 431 1589 475 fuit

189 499 393 552 Oedipus,
436 498 479 541 id
509 501 676 541 tantum
706 497 862 542 infame
893 502 936 542 et
966 498 1291 554 ignominiosum
1324 514 1435 555 esse,
1477 502 1588 556 quod

188 572 310 622 turpe
351 571 393 612 et
430 568 698 611 inhonestum
738 571 823 620 est,
869 581 946 612 nec
987 569 1068 612 nisi
1108 570 1235 613 miser
1275 571 1497 626 quisquam
1534 572 1588 614 ad

187 638 367 682 scelesta
396 637 586 682 facinora
605 638 800 692 proclivis
822 651 915 682 esse
936 639 1114 682 videtur.
1156 641 1269 684 Dum
1290 641 1333 684 in
1354 641 1459 685 alios
1490 645 1589 685 sunt

188 708 431 763 suspiciosi,
472 721 517 752 se
548 711 694 752 contra
725 712 900 763 peccata
932 713 974 752 et
1006 710 1180 753 crimina
1211 711 1393 755 munitos
1425 715 1587 766 putant,

187 779 299 833 quod
329 779 447 822 liberi
481 778 567 822 sint
597 791 624 823 a
654 778 823 822 sordida
853 779 1045 823 avaritia.
1088 780 1222 824 Nemo
1254 784 1334 831 est,
1368 794 1494 836 quem
1525 780 1587 823 fu-

186 848 293 904 giat,
331 851 593 903 quantopere
623 851 846 903 repugnet,
885 849 1064 893 eundem
1094 849 1230 893 virum
1261 855 1303 894 et
1333 850 1428 894 Laii
1459 851 1588 894 inter-

187 920 388 964 fectorem
430 932 522 963 esse
564 922 607 963 et
647 919 709 963 ita
745 919 872 974 loqui.
921 920 985 963 Ne
1017 920 1165 964 credas
1206 925 1367 975 tamen,
1414 920 1515 964 ficta
1546 925 1589 964 et

187 991 386 1035 simulata
418 1003 533 1045 esse,
566 1003 675 1045 quae
696 990 849 1034 dixerit
870 989 1064 1046 Oedipus.
1100 991 1220 1035 Facti
1248 992 1311 1035 sui
1334 990 1488 1036 oblitus
1512 995 1587 1035 est.

304 1063 401 1105 Jam
435 1062 585 1105 chorus
616 1061 659 1104 in
691 1073 858 1104 scenam
889 1061 1030 1115 prodit
1060 1062 1244 1116 deosque
1283 1062 1496 1117 implorat,
1541 1066 1589 1105 ut

186 1132 351 1176 Thebas
383 1134 561 1175 servent.
603 1132 692 1174 Rex
725 1143 821 1174 vero
855 1144 949 1173 eum
981 1135 1142 1184 monet,
1175 1136 1222 1174 ut
1252 1132 1388 1185 ipsum
1420 1132 1589 1186 adjuvet

186 1204 228 1245 in
260 1214 508 1257 percussore
540 1201 850 1255 investigando;
883 1200 1011 1244 indici
1033 1201 1195 1255 largam
1216 1202 1451 1245 mercedem
1482 1201 1587 1255 fore3

186 1273 251 1325 Ν.
285 1268 561 1325 151-298.)
594 1270 803 1323 simulque
835 1270 980 1324 objicit
1017 1271 1185 1313 senibus
1217 1271 1425 1313 Thebanis
1456 1271 1587 1325 negli-

185 1341 371 1397 gentiam
404 1343 446 1384 et
477 1339 682 1394 affirmat,
729 1351 774 1383 se
805 1339 945 1394 ipsum
988 1339 1284 1394 inquisiturum
1316 1353 1428 1395 csse,
1476 1340 1588 1395 quod

185 1412 329 1455 multis
361 1411 488 1454 rebus
532 1411 586 1453 ad
617 1411 659 1453 id
690 1409 927 1453 faciendum
959 1410 1210 1464 impellatur.
1259 1411 1324 1465 (V.
1356 1408 1452 1453 265.
1485 1410 1587 1465 seq.)

187 1485 325 1535 Quum
357 1485 499 1525 autem
523 1480 673 1524 chorus
704 1480 916 1536 purgandi
947 1480 1011 1524 sui
1033 1492 1184 1524 caussa
1206 1484 1586 1534 commemorasset,

184 1550 346 1596 Phoebi
382 1551 513 1595 fuisse
551 1550 805 1606 significare,
851 1551 944 1605 quis
977 1555 1089 1594 esset
1120 1563 1358 1606 percussor,
1402 1551 1586 1606 Oedipus

183 1622 416 1677 respondit,
449 1622 549 1664 deos
581 1621 674 1675 cogi
704 1633 790 1664 non
821 1633 955 1675 posse.

302 1693 494 1745 Quonam
533 1694 725 1746 spectant
762 1690 907 1734 inania
937 1691 1008 1734 illa
1040 1703 1089 1734 ac
1119 1705 1229 1735 vana
1260 1691 1400 1735 dicta?
1451 1691 1588 1735 Mani·-

183 1764 331 1807 festius
364 1762 618 1815 ostenditur,
666 1761 919 1804 homicidam
951 1761 1050 1804 trita
1082 1764 1124 1804 et
1154 1762 1311 1805 usitata
1340 1762 1410 1804 via
1441 1762 1586 1816 depre-

183 1834 312 1879 hendi
351 1846 434 1876 non
472 1845 608 1887 posse.
656 1831 825 1875 Etenim
865 1831 910 1875 id
942 1845 1024 1875 non
1056 1835 1120 1875 est
1151 1832 1586 1886 praetermittendum,

185 1909 227 1947 et
258 1904 431 1947 chorum
470 1902 615 1945 statim
653 1902 704 1944 de
742 1902 986 1945 advocando
1018 1901 1181 1945 Tiresia
1221 1902 1429 1957 cogitasse
1460 1905 1502 1945 ct
1533 1902 1585 1945 ab

185 1973 345 2028 Oedipo
388 1975 527 2016 vatem
569 1972 765 2016 hortante
799 1970 978 2015 Creonte
1011 1972 1260 2016 arcessitum
1290 1971 1433 2016 fuisse.
1485 1972 1585 2016 Om-

183 2057 257 2087 nes
300 2044 430 2098 igitur
470 2045 696 2095 noverant,
735 2053 846 2095 quae
888 2042 1061 2084 consilia
1101 2042 1340 2085 adhibenda
1372 2045 1513 2085 essent
1545 2048 1587 2085 et

184 2114 253 2158 ubi
285 2113 473 2157 remedia
496 2111 689 2156 miseriae
719 2110 896 2155 inveniri
917 2115 1107 2166 possent3
1140 2112 1394 2167 indignaque
1424 2112 1587 2156 incuria

183 2185 336 2229 civium
368 2196 417 2227 eo
449 2182 682 2227 evidentius
715 2181 979 2237 conspicitur.

301 2254 427 2298 Nulla
464 2252 551 2298 fere
591 2266 709 2297 mora
739 2252 988 2307 interposita
1019 2252 1189 2296 advenit
1219 2252 1483 2307 grandaevus
1514 2266 1587 2297 va-

184 2331 247 2370 tes
269 2325 469 2374 Tiresias,
502 2323 556 2379 (v.
588 2321 863 2378 299—461.)
895 2336 1021 2377 quem
1052 2336 1181 2377 quum
1203 2323 1371 2377 chorus,
1402 2327 1493 2366 tum
1514 2336 1587 2366 rex

185 2409 285 2439 vera
316 2394 561 2450 praedicere
592 2398 634 2438 et
666 2393 807 2437 omnia
838 2393 944 2437 scire
974 2393 1302 2448 predicaverant..
1344 2390 1387 2436 Is
1410 2393 1462 2436 de
1494 2406 1587 2448 per-

185 2465 426 2510 cussoribus
465 2464 558 2508 Laii
599 2464 883 2519 interrogatus
925 2466 1100 2508 excusat
1137 2463 1322 2518 inopiam
1355 2462 1513 2506 consilii
1545 2467 1587 2507 et

183 2535 538 2591 perspicacitatis,
571 2537 614 2578 et
642 2534 834 2578 abiturus
864 2537 928 2577 est
958 2533 1071 2577 nullo
1102 2545 1301 2588 responso
1324 2532 1435 2577 dato.
1468 2533 1585 2576 Tum

184 2620 278 2659 rex,
311 2606 427 2660 cujus
449 2604 729 2658 suspicionem
751 2604 1016 2647 taciturnitas
1048 2604 1158 2646 vatis
1179 2606 1341 2655 movet,
1373 2603 1585 2657 ingentem

183 2677 289 2720 iram
312 2675 453 2719 animo
486 2679 730 2729 conceptam
763 2675 805 2717 in
827 2674 1033 2721 Tiresiam¹
1057 2673 1213 2717 evomit
1242 2686 1421 2727 eumque
1452 2673 1584 2716 omni-

279 2828 325 2874 cv⁷)
352 2827 493 2863 Eadem
520 2827 705 2863 sententia
729 2827 886 2863 iteratur
912 2825 1095 2874 copiosius
1122 2825 1303 2873 explicata
1329 2837 1362 2864 v.
1389 2824 1458 2862 380
1482 2836 1560 2872 sqq.
