1776 3214
885 265 945 311 16

213 413 410 468 aenigma
450 425 535 455 non
574 411 667 455 fuit.
736 412 820 456 Sed
857 412 929 456 ille
969 413 1023 456 de
1057 411 1266 468 dignitate
1308 416 1351 457 et
1389 415 1611 459 honestate

216 482 376 536 aliquid
406 480 489 525 sibi
520 481 771 537 derogatum
808 486 949 534 ratus,
990 482 1142 537 injuria
1172 495 1299 537 quam
1329 484 1509 528 vocabat
1540 498 1610 529 ac-

215 555 339 605 cepta
386 555 547 594 temere
595 554 638 594 et
684 552 989 595 contumaciter
1000 551 1053 606 44)
1098 552 1286 606 Delphos
1331 565 1377 595 se
1423 553 1612 607 contulit,

216 624 264 663 ut
295 633 321 663 a
359 620 438 664 deo
478 620 669 674 audiret,
711 621 823 675 quod
863 621 916 664 ab
957 620 1198 665 hominibus
1240 621 1405 665 edoceri
1434 627 1614 678 poterat.

214 690 311 733 Non
358 689 471 733 enim
508 689 638 733 solius
680 690 865 733 Socratis
898 695 990 734 erat
1034 692 1196 746 opinio,
1242 692 1343 735 deos
1388 705 1472 735 non
1518 705 1612 736 esse

215 759 493 802 consulendos
538 758 622 801 nisi
667 759 720 801 de
766 759 911 812 rebus,
959 772 1067 813 quae
1114 761 1355 815 conjectura
1408 764 1483 803 aut
1527 760 1612 804 alia

212 828 378 872 ratione
408 826 593 882 perspici
623 841 708 871 non
737 827 914 883 possint.
976 828 1115 881 Quare
1138 827 1368 883 Sophocles
1401 829 1608 884 Oedipum

213 898 354 952 ipsum
384 898 627 952 loquentem
658 898 833 951 induxit,
865 899 1105 952 Apollinem
1136 899 1373 942 consultum
1404 912 1526 941 suum
1556 912 1610 942 ne

213 980 415 1022 responso
447 967 620 1022 quidem
651 967 869 1022 dignatum
910 971 1075 1011 atroces
1116 971 1159 1011 et
1196 967 1399 1012 nefandas
1430 981 1498 1011 res
1529 969 1611 1013 sibi

212 1038 490 1080 vaticinatum
532 1050 632 1080 esse.
708 1038 930 1080 Kolsterus
960 1042 1105 1080 autem
1124 1041 1177 1087 45)
1219 1038 1399 1090 censuit,
1447 1037 1609 1091 Oedipo

213 1119 330 1149 aram
371 1104 566 1149 manibus
612 1106 869 1159 supplicibus
915 1107 1075 1149 tenenti
1122 1111 1166 1149 et
1211 1119 1357 1160 preces
1404 1108 1604 1150 ardentes

211 1175 403 1218 fundenti
448 1175 601 1217 iterum
649 1175 774 1217 deum
821 1175 1123 1218 consulendum
1161 1175 1310 1227 fuisse,
1357 1188 1439 1229 quo
1485 1177 1608 1219 modo

211 1245 368 1288 malum
401 1243 586 1299 effugere
623 1247 771 1297 posset
802 1247 846 1286 et
883 1245 1055 1298 quinam
1087 1249 1228 1287 essent
1268 1246 1356 1298 ejus
1393 1249 1608 1299 parentes;

212 1316 358 1370 eique,
391 1314 502 1368 quod
534 1314 577 1356 id
607 1327 692 1356 non
722 1312 908 1365 fecisset,
940 1326 1104 1356 summo
1136 1314 1239 1356 vitio
1271 1314 1503 1368 culpaeque
1534 1315 1607 1358 de-

211 1385 275 1428 dit
305 1383 596 1428 contumaciae
629 1386 672 1426 et
702 1383 989 1437 protervitatis
1021 1395 1117 1426 eum
1148 1396 1341 1438 arguens.

333 1453 524 1496 Aliorum
580 1465 680 1495 vero
737 1453 946 1495 sententia
959 1454 1012 1506 46)
1064 1452 1269 1506 Oedipus,
1316 1453 1352 1495 si
1389 1457 1608 1506 protervus

214 1527 257 1567 et
289 1526 516 1566 contumax
545 1520 715 1574 fuisset,
757 1520 1008 1564 Corinthum
1038 1522 1255 1572 rediisset,
1295 1520 1369 1564 ubi
1400 1521 1531 1565 fretus
1562 1534 1608 1566 se

209 1593 435 1647 prudentia
479 1604 556 1635 sua
601 1591 760 1633 oraculi
806 1590 943 1633 minas
990 1590 1281 1644 depulsurum,
1334 1603 1524 1634 securam
1564 1592 1608 1635 in

208 1662 348 1716 patria
368 1662 500 1703 vitam
517 1660 808 1715 jucundiorem
831 1659 920 1702 fore
951 1658 1279 1702 existimavisset
1299 1672 1425 1713 quam
1455 1673 1607 1714 vagam

211 1729 478 1783 miseriisque
516 1741 774 1782 oppressam.
835 1728 1042 1771 Neutrum
1072 1726 1194 1770 nobis
1226 1728 1437 1781 probatur.
1496 1729 1607 1771 Nam

207 1799 329 1853 quid,
376 1810 552 1851 quaeso,
604 1796 831 1850 profuisset
877 1796 1059 1849 Oedipo,
1110 1797 1145 1839 si
1190 1797 1347 1838 iterum
1392 1797 1516 1839 deum
1554 1798 1606 1839 de

206 1866 453 1923 parentibus
499 1865 810 1920 interogasset?
886 1865 1069 1919 Apollini
1115 1864 1241 1907 invisi
1287 1864 1380 1907 Laii
1424 1862 1608 1919 μόριμος

207 1935 358 1991 υἱός47)
389 1936 479 1989 ipse
511 1947 677 1989 quoque
708 1933 869 1976 invisus
900 1933 999 1985 fuit;
1032 1946 1109 1976 nec
1131 1937 1222 1975 erat
1242 1946 1316 1975 cur
1336 1925 1441 1976 deus
1463 1932 1605 1987 propi-

208 2006 282 2048 tiis
321 2003 602 2059 benignisque
649 2003 820 2045 monitis
869 2015 965 2045 eum
1013 2006 1203 2045 tueretur
1242 2006 1285 2044 et
1329 2001 1382 2044 ab
1432 2002 1606 2044 interitu

206 2078 406 2126 servaret,
438 2086 563 2126 quem
595 2074 755 2115 incerto
786 2084 985 2124 responso
1017 2071 1152 2125 magis
1183 2070 1401 2124 implicare
1432 2075 1475 2113 et
1505 2084 1602 2113 con-

207 2143 382 2186 fundere
414 2145 456 2185 et
486 2142 546 2183 ita
576 2141 752 2194 perdere
783 2140 920 2183 vellet.

301 2257 349 2301 44)
377 2255 483 2296 Quod
508 2254 655 2299 quidem
682 2253 883 2299 Sophocles
910 2263 984 2287 non
1009 2252 1114 2294 dicit,
1151 2252 1215 2286 sed
1241 2252 1386 2297 saepius
1417 2251 1455 2285 in
1480 2251 1605 2285 fabula

204 2313 443 2349 temerarium
477 2322 518 2345 ac
551 2314 803 2346 contumacem
838 2309 1049 2356 descripsit,
1082 2320 1192 2355 quum
1225 2320 1307 2344 eum
1339 2320 1420 2344 cum
1452 2308 1603 2358 Jffiresia,

204 2373 376 2413 Creonte,
403 2371 554 2404 Jocaste
580 2369 731 2413 aliisque
757 2368 1026 2412 colloquentem
1052 2367 1148 2401 facit.

297 2429 345 2473 ⁴⁵)
372 2425 624 2472 Bergenroth,
661 2437 695 2471 p.
722 2425 755 2461 4.
794 2424 901 2458 Auch
935 2424 1000 2458 das
1026 2424 1239 2458 Benehmen
1274 2423 1338 2458 des
1365 2423 1527 2469 Oedipus
1553 2423 1602 2458 im

205 2486 444 2532 delphischen
476 2484 628 2529 Tempel
660 2484 710 2517 ist
742 2482 908 2528 getadelt
941 2481 1101 2516 worden.
1150 2481 1203 2515 Er
1235 2481 1356 2523 hatte,
1391 2484 1474 2525 sagt
1504 2493 1601 2523 man,

203 2555 269 2578 aus
296 2543 379 2576 dem
404 2542 554 2587 Tempe!
588 2541 690 2574 nicht
721 2540 902 2582 weicheri,
937 2539 1040 2572 hatte
1074 2539 1144 2573 den
1171 2539 1280 2573 Altar
1311 2538 1495 2572 umfassen
1526 2538 1602 2571 und

202 2602 334 2636 immer
360 2598 496 2633 wieder
522 2598 593 2633 den
620 2597 710 2632 Gott
735 2597 855 2632 bitten
882 2597 1009 2637 sollen,
1035 2596 1111 2631 ihm
1137 2608 1180 2631 zu
1205 2606 1330 2641 Sagen,
1356 2596 1426 2630 wie
1452 2607 1492 2630 er
1517 2595 1601 2630 dem

202 2659 320 2693 Uebel
348 2655 532 2699 entgehen
558 2656 690 2689 konne.

295 2715 343 2759 4ὅ)
370 2712 624 2757 Bergenroth‚
652 2723 685 2756 p.
712 2711 744 2746 5.

295 2773 343 2816 Π)
371 2770 520 2805 Pindar.
548 2769 690 2815 Olymp.
719 2770 775 2811 ΙΙ,
802 2769 857 2803 42.
