1776 3214
837 267 928 338 24ὼ
948 336 956 338 μ

166 414 296 457 κακὸν
333 413 476 456 δοκεῖν
517 414 614 455 ποτ’
649 413 804 458 ἐσθλὸν
838 414 944 471 τῷδ’
984 412 1116 470 ἔμμεν
1148 414 1234 470 ὅτῳ
1265 413 1430 471 φρένας
1467 413 1570 461 θεός

168 482 262 539 ἄγει
294 483 405 541 πρὸς·
434 482 614 538 cimam)

285 555 313 600 J
315 568 385 599 am
400 568 499 600 vero
521 556 714 611 quamvis
732 569 782 601 ea
799 556 963 611 omnia,
996 569 1104 613 quae
1127 556 1250 600 modo
1269 568 1570 600 commemora-

168 626 304 669 vimus
322 626 425 669 etin
442 626 628 668 medium
644 626 913 680 protulimus,
934 627 987 669 ad
995 626 1257 681 tragoediam
1271 629 1460 669 nostram
1475 638 1570 681 per-

169 695 353 749 tineant,
374 695 479 739 nihil
501 699 643 739 tamen
665 709 811 740 eorum
834 700 898 740 est
929 696 972 740 in
993 696 1216 752 tragoedia
1236 696 1338 751 ipsa.
1385 697 1453 742 Ea
1472 708 1570 751 pars

167 767 283 809 vitae
312 766 464 819 Oedipi
495 766 660 808 nonnisi
688 765 1010 809 fundamentum
1038 769 1120 818 est,
1156 766 1199 808 in
1228 778 1311 819 quo
1339 766 1451 809 actio
1482 769 1569 808 tra-

167 834 343 890 goediae
375 838 439 879 est
468 834 612 879 innixa
645 839 688 879 et
717 834 826 879 fulta
858 838 917 889 et,
950 839 998 879 ut
1026 835 1086 879 ita
1107 835 1264 889 dicam,
1295 833 1572 890 inaedificata,

167 906 314 959 Usque
345 906 400 948 ad
439 906 513 948 illa
552 910 745 959 tempora
782 905 869 948 fato
911 906 1096 960 quodam
1142 905 1295 948 immiti
1341 909 1385 949 et
1421 904 1569 949 acerbo

167 979 343 1019 vexatus
376 987 469 1019 esse
500 975 667 1019 videtur
705 976 911 1031 Oedipus3
964 976 1038 1020 sed
1070 989 1199 1032 quum
1238 979 1356 1020 extra
1386 974 1570 1019 fabulam

168 1046 272 1098 sint,
318 1045 451 1089 fatum
484 1046 526 1089 in
574 1047 795 1102 tragoedia
827 1047 1035 1090 dominari
1081 1060 1205 1093 nemo
1248 1049 1329 1101 est,
1371 1046 1442 1101 qui
1472 1059 1569 1101 pro-

166 1115 269 1160 bare
308 1117 453 1171 possit.
513 1117 562 1159 In
595 1130 645 1160 ea
677 1122 821 1161 autem
852 1118 965 1161 vitae
997 1121 1136 1172 parte,
1184 1129 1295 1173 quae
1327 1117 1369 1160 in
1400 1129 1569 1161 scenam

168 1187 373 1242 producta
403 1187 447 1230 in
478 1191 704 1242 conspectu
736 1192 802 1232 est
831 1186 971 1243 posita
1011 1192 1054 1232 et
1091 1192 1295 1243 tanquam
1332 1187 1374 1231 in
1406 1191 1569 1242 specta-

168 1263 307 1301 torum
346 1257 477 1301 oculis
516 1258 784 1313 transigitur,
831 1258 1016 1313 Oedipus
1054 1258 1185 1302 libera
1220 1259 1309 1314 Jam
1352 1257 1570 1301 voluntate

166 1328 301 1370 utitur
322 1328 548 1382 omniaque
578 1328 632 1371 ad
663 1328 885 1371 arbit-rium
913 1341 1035 1371 suum
1065 1328 1171 1383 agit3
1203 1328 1277 1371 sed
1298 1327 1411 1382 quod
1432 1326 1570 1372 crimi-

168 1410 270 1440 num
293 1397 417 1453 quasi
437 1397 603 1453 laqueis
626 1401 691 1441 est
712 1396 961 1455 implicitus,
985 1401 1301 1454 consequuntur
1322 1401 1363 1441 et
1385 1396 1490 1441 fiunt
1507 1409 1570 1451 ea,

167 1480 277 1522 quae
308 1481 359 1511 ex
389 1468 471 1511 illis
502 1481 676 1512 manare
706 1481 878 1512 necesse
910 1471 1013 1513 erat.
1034 1469 1086 1524 ⁶³)

285 1537 511 1582 Vinculum
549 1551 671 1591 vero,
725 1551 808 1594 quo
845 1537 960 1594 prior
996 1539 1147 1594 Oedipi
1173 1538 1286 1582 vitae
1329 1551 1426 1593 pars
1477 1551 1570 1582 cum

167 1609 314 1659 altera,
365 1621 474 1663 quae
498 1609 543 1652 in
569 1608 714 1653 fabula
744 1610 960 1664 descripta
1000 1613 1083 1662 est,
1122 1608 1400 1664 conjungitur,
1439 1608 1569 1663 pestis

167 1682 232 1722 est
261 1678 334 1722 illa
360 1678 600 1723 hominibus
633 1682 675 1722 et
701 1679 933 1733 pecudibus
954 1679 1140 1733 funesta,
1173 1691 1258 1733 qua
1278 1678 1570 1722 Thebanorum

167 1748 268 1791 urbs
295 1747 568 1802 premebatur
589 1752 632 1792 et
653 1748 969 1805 devastabatur,
991 1761 1119 1804 quum
1140 1749 1230 1804 jam
1255 1747 1415 1802 aliquot
1438 1760 1570 1791 annos

168 1818 353 1873 Oedipus
384 1822 594 1874 regnaret.
606 1817 659 1874 ⁶4)

283 1889 513 1932 Videamus
544 1901 665 1940 nunc,
697 1888 864 1944 qualem
897 1888 1083 1944 Oedipus
1115 1888 1157 1932 in
1188 1888 1332 1933 fabula
1363 1901 1408 1932 se
1447 1901 1569 1944 prae-

165 1960 284 2013 beat,
317 1962 366 2003 ut
395 1960 505 2014 inde,
538 1972 647 2015 quae
678 1960 735 2004 sit
765 1961 808 2003 in
840 1973 890 2004 ea
919 1960 1029 2004 ratio
1060 1959 1155 2013 fati,
1189 1973 1443 2016 cognoscere
1473 1973 1571 2014 pos-

166 2030 310 2074 simus.
347 2030 494 2085 Usque
526 2030 665 2074 adhuc
696 2030 786 2075 sola
817 2030 920 2074 vitia
950 2030 1063 2086 regis
1085 2030 1323 2075 monuimus
1355 2034 1399 2075 et
1427 2043 1570 2086 repre-

166 2099 412 2153 hendimus,
439 2102 489 2143 ut
526 2112 577 2143 ex
617 2100 670 2143 iis
707 2100 874 2144 tristem
909 2101 998 2156 eJus
1029 2103 1187 2143 sortem
1219 2103 1359 2143 ortam
1383 2112 1475 2143 esse
1506 2100 1584 2143 111-Χ

165 2170 450 2227 telligeretur3
491 2170 701 2226 simulque
743 2171 1022 2225 ostendimus,
1062 2183 1159 2215 eum
1196 2183 1273 2215 nec
1318 2170 1570 2215 sceleratum

166 2245 241 2285 aut
272 2241 510 2285 maleficum
540 2241 671 2285 fuisse
711 2254 788 2285 nec
827 2241 988 2286 nefaria
1019 2241 1290 2296 appetivisse.
1348 2241 1398 2284 In
1428 2240 1570 2285 fabula

164 2324 264 2355 vero
296 2311 539 2356 nominatur
570 2324 801 2368 generosus
834 2315 877 2356 et
907 2312 1093 2368 prudens
1126 2311 1339 2366 dominus,
1370 2323 1496 2355 verus
1528 2313 1571 2355 et

166 2381 347 2426 affabilis
369 2386 509 2437 pater,
541 2384 648 2428 lenis
670 2385 834 2438 conjux,
858 2384 1045 2437 optimus
1066 2396 1151 2435 rex,
1180 2383 1253 2436 qui
1274 2394 1420 2424 omnes
1441 2380 1569 2424 animi

166 2450 408 2508 ingeniique
455 2451 568 2497 vires
606 2452 866 2508 intenderet,
913 2455 961 2498 ut
1002 2451 1164 2498 civibus
1212 2451 1393 2496 salutem
1439 2450 1570 2495 daret.

261 2580 308 2625 ⁶²)
336 2580 463 2627 Antig.
491 2593 524 2615 ν.
552 2580 631 2618 622.

261 2639 308 2685 ⁶³)
334 2638 420 2675 Vid.
439 2640 571 2676 Aesch.
597 2640 792 2675 Eumenid.
812 2638 1019 2676 530—546.
1045 2640 1176 2686 Agam.
1195 2637 1405 2674 208—210.
1432 2650 1478 2674 m.
1497 2651 1528 2675 a.
1547 2639 1569 2673 l.

260 2698 307 2743 ⁶⁴¹)
334 2698 589 2743 Bergenroth,
617 2710 650 2744 p.
681 2697 733 2733 15.
774 2698 850 2733 Das
876 2698 1015 2733 Drama
1039 2697 1196 2744 begiunt
1221 2696 1289 2731 mit
1314 2696 1380 2731 der
1405 2696 1570 2732 Abwehr

165 2756 231 2791 der
257 2756 364 2800 Pest,
402 2755 478 2790 und
503 2756 609 2799 alles,
647 2767 723 2791 was
756 2756 897 2791 diesem
928 2755 1153 2802 Zeitpunkte
1187 2754 1413 2800 vorangeht‚
1451 2755 1570 2790 bildet

165 2814 238 2849 den
264 2814 445 2860 vorlaufig
470 2813 608 2849 dunkel
633 2814 851 2860 gelassenen
875 2813 1134 2860 Hintergrund
1161 2813 1227 2849 der
1251 2813 1462 2859 Handlung.
