1776 3214
193 396 442 448 patremque
472 392 580 435 adiit
617 392 669 435 de
700 406 750 436 ea
779 406 826 436 re
858 394 1135 437 consulturus.
1195 393 1399 438 Parentes
1436 398 1590 446 autem,

192 462 386 517 quamvis
429 475 515 506 non
553 466 779 516 arguerent
819 466 964 517 aperte
1003 463 1164 506 ebrium
1202 463 1339 506 virum
1370 465 1589 513 mendacii,

194 531 437 586 evulgatum
468 544 668 574 arcanum
700 531 871 587 indigne
901 531 1084 575 ferentes
1116 535 1158 575 et
1187 532 1318 575 iratos
1339 531 1487 576 videns
1510 533 1591 577 Oe—

192 601 316 656 dipus
353 613 518 644 summo
565 601 719 655 gaudio
759 605 824 644 est
863 601 1123 653 cumulatus;
1174 601 1249 644 sed
1288 602 1403 655 quod
1440 602 1591 657 injuria

191 672 316 716 nimis
348 670 489 726 gravis
521 673 564 713 et
594 669 746 713 acerba
776 674 879 723 erat,
910 670 953 713 in
985 670 1123 713 verbis
1155 670 1590 726 consolationibusque

195 754 341 785 eorum
372 739 641 794 acquiescere
683 739 819 782 noluit
855 743 899 783 et
935 739 1174 794 diligentius
1211 753 1300 782 rem
1342 752 1590 795 cognoscere

191 810 443 866 planiusque
474 808 676 863 explicari
708 808 920 863 cupiebat.
967 808 1135 852 Secreto
1157 808 1286 863 igitur
1305 809 1449 854 insciis
1470 814 1590 864 patre

193 885 237 925 et
266 884 403 923 matre
433 878 621 931 Delphos
652 878 769 930 abiit,
799 882 848 921 ut
875 878 1113 931 Apollinem
1145 879 1196 921 de
1228 878 1388 932 origine
1419 892 1497 922 sua
1527 867 1598 922 in-'

190 951 440 1003 terrogaret.
500 947 617 990 Deus
656 950 800 989 tamen
844 959 1048 1001 responso
1096 947 1148 990 de
1194 959 1246 989 ea
1281 960 1327 990 re
1365 961 1449 991 non
1490 949 1589 992 dato

192 1018 413 1074 quaere'nti
444 1016 609 1071 aperuit
640 1020 683 1059 et
713 1016 992 1059 denuntiavit:
1035 1029 1130 1059 eum
1162 1029 1213 1059 ex
1233 1020 1369 1060 matre
1389 1018 1466 1061 sibi
1490 1031 1585 1062 con·

186 1090 337 1144 Juncta
367 1086 554 1130 infelices
585 1085 739 1128 liberos
770 1090 1086 1139 procreaturum
1125 1089 1168 1128 et
1205 1090 1386 1139 patrem,
1424 1100 1475 1130 ex
1506 1101 1588 1142 quo

190 1162 318 1201 natus
350 1159 473 1208 esset,
504 1154 833 1198 interfecturum.
847 1155 900 1208 4⁰)
960 1155 1051 1206 Quo
1081 1167 1282 1208 responso
1314 1156 1588 1210 stupefactuS‚

191 1239 322 1281 quum
351 1225 522 1267 horrida
553 1227 737 1266 mentem
768 1222 947 1265 formido
979 1223 1188 1275 subiisset,
1220 1227 1267 1266 ut
1286 1224 1515 1269 terribilem
1546 1231 1589 1269 et

190 1295 369 1339 invisam
401 1297 560 1336 sortem
591 1291 815 1347 effugeret,
862 1292 1110 1335 Corinthum
1148 1305 1361 1347 nunquam
1401 1295 1588 1338 revisen-

192 1366 291 1410 dam
322 1376 415 1407 esse
448 1360 679 1406 constituit.
693 1361 745 1415 ⁴¹)

307 1432 480 1477 Nihilne
509 1432 640 1487 igitur
675 1431 719 1474 in
759 1431 839 1475 hac
876 1430 1014 1485 prima
1052 1432 1164 1475 vitae
1202 1445 1303 1475 suae
1339 1436 1460 1486 parte
1490 1433 1588 1478 fecit

192 1502 400 1557 Oedipus,
431 1514 515 1555 quo
546 1504 712 1544 sanctas
744 1504 1023 1555 aeternasque
1053 1501 1169 1555 leges
1192 1514 1217 1543 a
1238 1500 1410 1544 numine
1433 1505 1587 1547 consti-

189 1577 306 1617 tutas
337 1570 568 1615 violasset?
630 1569 675 1613 Si
715 1568 831 1623 quis,
870 1568 956 1612 nisi
994 1570 1106 1623 quod
1143 1570 1412 1614 inhonestum
1449 1577 1513 1615 est
1544 1577 1587 1616 et

188 1647 325 1696 turpe,
364 1640 502 1684 scelus
541 1651 633 1682 esse
670 1651 755 1681 non
793 1642 934 1692 putat,
972 1637 1372 1682 inconsiderantiam
1408 1653 1506 1684 vero
1544 1645 1587 1685 et

188 1711 477 1754 temeritatem
508 1708 735 1750 violentam
770 1706 925 1760 Oedipi
957 1708 997 1749 in
1026 1708 1253 1750 virtutibus
1274 1709 1585 1753 adolescentiae

189 1781 406 1830 numerat,
447 1775 485 1819 si
526 1788 623 1818 eum
655 1776 814 1828 optime
853 1779 894 1817 et
925 1775 1194 1818 laudabiliter
1230 1789 1275 1818 se
1312 1776 1493 1831 gessisse
1518 1779 1585 1834 ju-

188 1849 314 1901 dicet,
345 1860 428 1891 non
460 1845 601 1889 miror.
662 1845 745 1888 Sed
777 1844 937 1894 Graeci,
972 1850 1073 1887 ante
1104 1859 1248 1888 omnes
1270 1846 1510 1900 Sophocles,
1543 1852 1586 1890 et-

186 1917 419 1960 acerrimus
459 1914 636 1968 quisque
683 1917 724 1955 et
763 1913 1111 1967 diligentissimus
1155 1919 1332 1957 naturae
1375 1915 1584 1959 humanae

186 1986 502 2031 animadversor
532 1996 583 2027 ea
613 1981 719 2027 vitia
750 1983 911 2027 semina
950 1996 1000 2028 ac
1030 1982 1237 2039 principia
1276 1986 1461 2029 omnium
1492 2000 1582 2030 ma-

186 2058 325 2099 lorum
356 2068 447 2098 esse
478 2055 729 2107 inceptoque
761 2051 913 2107 Oedipi
944 2066 1028 2095 non
1059 2054 1198 2096 minus
1238 2066 1365 2108 quam
1397 2055 1583 2099 crimini—

185 2126 265 2169 bus
296 2137 346 2168 ac
372 2122 548 2180 flagitiis
578 2122 696 2176 leges
728 2126 921 2166 aeternas
953 2121 1138 2176 perverti
1175 2136 1225 2167 ac
1262 2124 1392 2178 pollui
1418 2124 1581 2179 judica-

185 2198 338 2237 verunt
368 2197 411 2236 et
439 2192 747 2243 intellexerunt,
785 2191 1046 2244 temporibus
1078 2195 1244 2234 tantum
1281 2204 1582 2247 nonnunquam

184 2260 385 2318 impediri
414 2259 620 2313 homines,
653 2258 878 2315 quominus
909 2260 953 2303 in
984 2258 1195 2314 pravitate
1235 2263 1277 2305 et
1306 2263 1582 2316 perversitate

184 2334 426 2387 perstarent
473 2334 548 2372 aut
592 2330 758 2384 longius
798 2330 1083 2383 procederent.
1153 2330 1307 2374 Kockii
1348 2334 1494 2373 autem
1539 2335 1582 2375 et

184 2398 483 2456 Bergenrothii
496 2401 532 2426 ⁴2
562 2397 1002 2454 argumentationibus
1022 2399 1195 2443 minime
1224 2400 1377 2443 adduci
1398 2413 1579 2454 possum,

183 2527 252 2561 der
284 2526 540 2571 Zechgenosse
572 2525 645 2560 den
678 2524 841 2571 Oedipus
875 2525 959 2560 nich
993 2526 1100 2561 einen
1132 2525 1451 2561 ausserehelichen
1477 2526 1577 2562 Sohn

182 2584 305 2619 seines
328 2582 477 2625 Vaters,
503 2582 666 2617 sondern
691 2583 799 2617 einen
824 2583 1194 2629 untergeschobenen
1219 2586 1345 2618 neunt.

276 2642 325 2686 ⁴⁰)
352 2640 428 2675 ΟΒ.
454 2640 522 2675 994
546 2651 624 2686 sqq.

275 2699 324 2744 ⁴¹)
352 2697 428 2733 ΟΒ.
453 2697 532 2732 997.
1550 2738 1553 2742 Ι

273 2758 322 2802 ⁴²)
349 2767 384 2801 p.
410 2755 442 2791 4.
492 2756 610 2791 Wenn
636 2756 702 2791 der
728 2757 881 2791 Dichter
908 2760 1002 2792 statt
1028 2757 1094 2791 dex·
1121 2767 1190 2791 von
1218 2755 1356 2792 Geffers
1382 2757 1576 2802 angefiihi·-
