1776 3214
881 246 909 292 6

192 393 354 445 Quotus
385 395 529 436 tamen
561 391 740 446 quisque
770 390 1023 446 invenietur,
1054 393 1145 447 qui,
1182 393 1408 438 dummodo
1440 394 1594 439 mentis

189 474 321 507 sanae
352 473 524 516 compos
554 461 627 515 sit,
658 474 744 505 non
773 460 978 514 fateatur,
1008 465 1073 505 tot
1103 463 1215 507 mala
1244 463 1298 507 ab
1318 477 1402 507 uno
1423 465 1595 508 homine

190 536 284 586 orta
314 535 358 575 et
389 544 441 575 ex
469 531 711 575 temeritate
740 531 1109 586 imprudentiaque
1131 534 1220 587 eJus
1252 531 1440 587 profecta
1471 535 1594 577 esse?

307 599 470 645 Eadem
500 613 599 644 vero
638 612 813 644 caussae
851 603 916 643 est
951 600 1060 644 ratio
1093 602 1189 645 ’011111
1220 602 1262 645 vi
1293 606 1336 646 et
1366 601 1517 646 effectu
1547 603 1590 646 in

188 671 242 714 iis
271 670 418 721 rebus,
463 682 643 723 quarum
673 670 1020 723 perpetuitatem,
1066 675 1115 713 ut
1145 683 1278 713 nexae
1316 676 1359 715 et
1395 673 1506 715 inter
1545 685 1593 715 se

188 742 317 794 aptae
348 738 657 793 colligataeque
697 738 803 792 sint,
834 752 962 794 quum
1003 740 1046 782 in
1078 740 1219 783 oculos
1249 753 1333 784 non
1363 741 1591 795 incurrant,

189 808 380 852 videmur
411 808 616 863 dispicere
647 821 731 852 non
762 821 899 863 posse.
939 810 1089 864 Itaque
1120 809 1259 853 subito
1291 810 1496 854 malorum
1528 811 1592 854 in-

190 890 316 922 cursu
354 879 407 922 de
444 878 599 933 gradu,
645 881 693 921 ut
736 878 905 930 dicitur,
952 879 1138 933 dejectus
1183 879 1309 923 homo
1347 881 1591 934 saepissime

188 947 444 1002 queritatur,
475 960 521 990 se
552 947 727 991 arbitrio
758 947 896 991 alieno
928 960 1138 991 summam
1168 949 1257 1002 pati
1284 948 1497 992 miseriam
1527 949 1593 991 ul-

186 1016 387 1071 timisque
427 1017 560 1072 mergi
601 1016 837 1073 suppliciis,
884 1017 984 1060 dum
1022 1017 1153 1076 sedes·
1180 1021 1223 1061 et
1259 1017 1376 1073 origo
1417 1018 1516 1061 mali
1546 1017 1590 1061 in

187 1086 321 1139 ipsius
352 1086 492 1129 animo
523 1087 665 1140 potius
698 1090 763 1129 est
794 1087 1035 1140 quaerenda
1066 1091 1110 1129 et
1139 1099 1190 1130 ex
1214 1086 1337 1130 factis
1359 1087 1448 1141 ejus
1479 1086 1592 1129 mala

187 1154 409 1209 repentina
447 1155 490 1198 in
521 1167 618 1199 eum
648 1155 896 1199 redundant.
937 1155 998 1200 Ut
1037 1156 1291 1200 luculentius
1330 1169 1419 1200 rem
1449 1168 1591 1211 perse-

187 1237 392 1278 quamur:
424 1226 496 1279 qui
526 1226 677 1278 pedem
708 1226 827 1278 ponit
857 1229 901 1269 et
930 1226 1164 1280 ingreditur
1193 1226 1308 1268 nulla
1339 1226 1491 1268 mentis
1521 1238 1589 1268 ra·

185 1293 301 1337 tione
331 1293 497 1347 habita,
528 1306 613 1337 non
643 1293 763 1337 video
796 1306 871 1337 cur
891 1298 1109 1349 queratur,
1140 1307 1186 1337 se
1207 1294 1276 1338 via
1298 1306 1376 1337 sua
1396 1294 1592 1337 insistere

186 1376 272 1406 non
293 1363 483 1417 potuisse
504 1363 596 1406 sine
619 1376 722 1406 casu
744 1376 794 1406 ac
814 1364 1101 1417 prolapsione3
1132 1377 1209 1407 nec
1232 1368 1297 1406 est
1317 1363 1589 1417 quamobran

186 1431 320 1475 vitam
350 1444 631 1487 occasumque
666 1444 789 1475 suum
829 1433 1013 1477 moriens
1043 1433 1308 1477 lamentetur.
1364 1433 1588 1477 Verumta-

185 1515 284 1545 men
314 1502 358 1545 id
388 1502 509 1545 nobis
539 1502 583 1544 in
614 1502 740 1544 rebus
761 1502 956 1545 humanis
976 1503 1100 1545 valde
1130 1503 1340 1557 tragicum
1362 1515 1454 1546 esse
1475 1503 1590 1546 vide-

184 1574 255 1613 tur
285 1575 329 1614 et
358 1571 647 1614 misericordia
668 1572 784 1624 capti
814 1571 997 1614 maximo
1021 1584 1154 1625 eoque
1181 1571 1452 1614 acerbissimo
1474 1584 1589 1615 com-

185 1653 404 1684 movemur
442 1640 588 1684 dolore
618 1645 661 1684 et
692 1653 950 1694 occupamur
988 1653 1167 1694 pavore,
1209 1653 1338 1695 quum
1368 1640 1588 1684 videamus

185 1709 323 1751 virum
370 1722 466 1752 cum
512 1710 676 1752 ratione
722 1710 881 1763 aliquid
926 1710 1235 1752 desiderantem
1277 1714 1320 1752 et
1363 1710 1588 1752 honestum

185 1782 435 1833 rectumque
465 1782 738 1833 appetentem
758 1778 915 1821 habere
936 1778 979 1821 in
1001 1791 1048 1821 se
1069 1791 1233 1821 summo
1261 1778 1403 1821 studio
1433 1777 1589 1822 bonae-

186 1860 271 1903 que
302 1848 512 1891 voluntati
542 1848 777 1903 admixtum
816 1848 977 1903 aliquid
1006 1848 1388 1891 inconsiderantiae
1419 1852 1462 1892 et
1491 1860 1587 1902 per-

185 1917 413 1961 versitatis.
447 1917 603 1961 Omnes
637 1918 747 1961 enim
778 1931 945 1972 quoque
976 1918 1177 1972 temporis
1198 1922 1354 1972 puncto
1375 1918 1418 1960 in
1441 1918 1588 1961 eodem

184 1987 370 2041 periculo
391 1999 611 2030 versamur
637 1991 837 2041 metuque
868 1987 1129 2040 territamur,
1161 2000 1214 2030 ne
1242 1987 1482 2030 temeritate
1502 1987 1587 2031 acti

185 2057 229 2100 in
259 2057 373 2100 mala
402 2056 656 2110 incidamus,
688 2056 938 2110 praesertim
961 2068 1091 2110 quum
1112 2056 1345 2099 sentiamus
1368 2059 1443 2099 aut
1462 2057 1588 2111 plane

186 2126 344 2170 conscii
364 2125 484 2169 nobis
507 2126 658 2178 simus,
690 2126 734 2168 in
766 2129 908 2169 mente
938 2129 1085 2168 nostra
1106 2124 1330 2167 stultitiam
1351 2126 1589 2169 consedisse

184 2195 553 2249 temeritatemque
583 2195 627 2239 in
649 2195 772 2239 nobis
804 2195 1025 2237 inhaerere
1057 2206 1134 2237 nec
1165 2193 1246 2237 nisi
1266 2206 1343 2248 per
1364 2207 1439 2238 nos
1461 2198 1588 2248 stare,
1637 2250 1639 2252 Ι

188 2264 290 2319 quin
332 2264 603 2309 cohibeamus
646 2277 741 2308 eam
788 2267 832 2307 et
868 2263 922 2307 ab
967 2263 1080 2307 omni
1127 2263 1249 2318 lapsu
1288 2264 1588 2308 contineamus.

184 2335 283 2377 Jam
313 2333 551 2378 maleficum
583 2338 658 2377 aut
687 2335 883 2376 insanum
919 2332 1132 2376 hominem
1163 2344 1291 2376 manu
1320 2333 1587 2387 praepotenti

183 2403 367 2446 numinis
408 2403 571 2447 aeterni
608 2403 845 2457 perculsum
894 2405 1111 2445 cernentes
1164 2403 1218 2445 ad
1258 2401 1588 2446 misericordiam

183 2472 438 2525 inducimur3
469 2472 544 2515 sed
565 2471 800 2525 suppressis
822 2470 1003 2525 querelis
1037 2474 1079 2513 et
1100 2471 1230 2513 nimia
1252 2470 1433 2513 coercita
1463 2470 1589 2514 mise·-

183 2540 351 2584 ratione
387 2554 471 2584 non
508 2541 696 2584 dolemus
735 2541 817 2584 nisi
854 2541 966 2595 quod
1004 2540 1131 2583 homo
1170 2540 1224 2583 ad
1255 2539 1461 2594 eJusmodi
1491 2553 1586 2594 per-

182 2609 430 2652 versitatem
468 2611 763 2663 pessumdatus
801 2610 981 2664 turpiter
1019 2609 1238 2652 interierit.
1255 2607 1302 2662 18)
1361 2608 1419 2650 At
1451 2621 1585 2663 quum

281 2759 324 2801 ¹⁸)
351 2757 467 2792 Arist.
494 2761 591 2803 poet.
617 2758 666 2800 II,
697 2758 795 2800 1453,
828 2758 868 2792 13
893 2755 976 2791 οὐδ’
1006 2756 1053 2790 αὖ
1080 2757 1142 2790 τὸν
1164 2755 1314 2802 σφόδρα
1336 2756 1494 2802 πονηρόν
1515 2758 1584 2791 etc.
