1776 3214
229 371 379 416 afferat
408 370 824 428 delectationem?²³)
890 372 1081 428 Denique
1112 373 1222 417 inter
1258 385 1410 419 omnes,
1441 376 1619 428 constat,

229 444 388 495 quanta
433 441 657 483 sanctitate
704 445 747 483 et
790 442 872 484 fide
909 443 1059 485 Graeci
1105 457 1130 485 a
1184 444 1354 497 tragicis
1395 445 1619 496 pristinam

228 509 472 564 religionem
517 509 773 563 deorumque
814 510 973 553 cultum
1026 513 1264 554 conservari
1307 512 1534 564 voluerint,
1575 514 1619 554 et

228 582 429 633 quantam
460 579 727 621 severitatem
757 580 836 633 ipsi
867 580 929 621 ira
959 580 1138 633 incensi,
1178 582 1213 623 si
1244 582 1338 635 quis
1368 582 1616 636 religionem

227 648 476 699 violaverat,
507 647 550 689 in
581 659 630 690 eo
662 647 903 691 mulctando
936 647 1281 705 adhibue1·int.24)

344 739 457 794 Ergo
488 739 621 782 fatum
652 737 695 782 in
732 741 949 795 tragoedia
979 742 1038 784 ita
1070 741 1265 794 efficitur,
1316 746 1365 785 ut
1403 743 1536 785 altera
1567 756 1618 786 ex

225 811 348 862 parte
392 809 448 851 sit
493 812 609 851 certa
653 808 722 851 lex
767 813 1021 863 aeternaque
1075 810 1183 853 ratio
1235 823 1393 862 rerum,
1439 823 1547 865 quae
1592 825 1618 854 a

226 876 395 920 numine
441 877 581 920 divino
615 876 816 931 profecta
867 878 1191 934 uniuscujusque
1238 883 1280 922 et
1325 880 1613 923 universorum

225 945 351 987 saluti
391 946 584 988 consulit:
632 959 683 989 ex
719 948 854 990 altera
890 950 1032 989 autem
1077 952 1197 1001 parte
1241 949 1366 991 homo
1413 948 1617 1001 mortalis,

225 1013 292 1056 cui
332 1013 510 1056 liberum
551 1014 766 1058 arbitrium
799 1017 1061 1069 'permissum
1108 1019 1174 1058 est
1211 1016 1363 1070 agendi
1402 1019 1446 1058 et
1489 1029 1616 1070 appe-

226 1081 361 1133 tendi,
408 1083 609 1137 quidquid
648 1085 687 1126 ei
722 1085 764 1126 in
804 1089 987 1128 mentem
1027 1084 1151 1127 venit.
1212 1082 1307 1127 Iam
1344 1085 1468 1127 homo
1499 1085 1615 1127 nulla

222 1163 270 1193 re
300 1151 546 1204 impeditum
577 1165 622 1195 se
660 1156 795 1204 ratus,
841 1153 1156 1206 perturbatione
1193 1154 1334 1208 aliqua
1374 1153 1503 1196 animi
1544 1157 1619 1196 aut

225 1220 413 1263 consulto
445 1224 487 1265 et
525 1222 707 1277 cogitate
744 1226 959 1266 aeternam
1003 1223 1139 1278 legem
1186 1236 1212 1266 a
1256 1223 1428 1266 numine
1475 1222 1615 1266 divino

226 1290 497 1333 constitutam
535 1291 709 1344 despicit
745 1293 1070 1346 despectamque
1106 1293 1333 1346 prosternit
1371 1297 1414 1335 et
1452 1293 1618 1335 obterit.

225 1358 315 1409 Quo
346 1358 456 1401 facto
487 1372 642 1402 numen
661 1360 865 1404 violatum
895 1374 921 1403 a
943 1365 1232 1415 contemptore
1262 1374 1424 1415 poenas
1446 1361 1618 1415 expetit,

223 1427 374 1481 quibus
404 1428 517 1482 leges
548 1433 772 1483 perruptae
803 1430 1041 1484 expientur,
1072 1429 1269 1484 malaque
1298 1431 1432 1474 multa
1463 1431 1617 1484 ingerit

222 1496 428 1548 violatori,
460 1497 532 1550 qui
552 1497 730 1541 miseriis
760 1498 1055 1553 doloribusque
1084 1500 1213 1542 animi
1235 1503 1409 1543 vexatus
1441 1501 1615 1554 cogitur,

222 1568 271 1606 ut
301 1569 375 1607 aut
406 1570 621 1607 aeternam
651 1579 792 1609 rerum
828 1567 1035 1609 rationem
1074 1571 1266 1610 sanctam
1307 1572 1350 1610 et
1380 1569 1616 1622 sapientem

223 1637 265 1676 et
310 1633 537 1693 salutarem
581 1634 738 1677 habeat
782 1635 933 1690 pieque
972 1636 1096 1689 colat,
1143 1640 1218 1679 aut
1262 1636 1411 1679 saltem
1455 1635 1617 1680 fractus

223 1701 365 1745 dolore
394 1703 778 1758 poenitentiamque
809 1705 1069 1758 petulantiae
1099 1717 1228 1760 agens
1267 1710 1489 1760 agnoscat,
1528 1719 1618 1750 me-

224 1772 424 1815 tuendam
457 1776 499 1815 et
530 1772 836 1817 observandam
867 1777 909 1817 et
938 1775 1220 1818 venerandam
1251 1775 1419 1830 esse.2⁵)

341 1863 385 1907 si
417 1864 500 1907 alia
532 1868 595 1907 est
625 1866 732 1920 ratio
756 1878 1046 1920 personarum
1085 1867 1128 1909 in
1163 1866 1313 1910 fabulis
1352 1867 1620 1923 tragicorum,

222 1937 348 1987 poeta
391 1946 417 1976 a
448 1948 546 1977 vero
578 1935 788 1977 aberravit
819 1936 1118 1989 dementesque
1149 1939 1191 1978 et
1221 1936 1391 1978 insanos
1422 1936 1621 1989 produxit

221 2002 265 2044 in
295 2014 475 2047 scenam.
508 2002 705 2055 Quamvis
737 2003 846 2047 enim
868 2007 987 2047 vasta
1018 2008 1059 2047 et
1089 2004 1408 2058 impurabelua,
1439 2005 1620 2048 hominis

220 2069 357 2125 figura
377 2070 598 2125 specieque
627 2085 653 2114 a
673 2076 825 2115 natura
855 2077 1016 2126 ornata,
1047 2073 1197 2116 virium
1222 2074 1486 2116 immanitate
1506 2073 1619 2116 frau-

221 2140 427 2195 dibusque
457 2140 775 2195 inexpiabilibus
807 2142 1087 2196 concipiendis
1117 2142 1328 2196 paulisper
1356 2142 1515 2196 aliquid
1544 2155 1617 2186 vo-

220 2208 394 2263 luptatis
426 2210 616 2253 sensibus
646 2210 812 2264 afferat,
855 2211 1018 2254 animus
1057 2216 1199 2254 tamen
1230 2211 1469 2267 tragoedia,
1510 2224 1618 2265 quae

314 2370 360 2415 2³)
386 2370 539 2405 Jacob's
572 2370 720 2414 „Ueber
752 2372 812 2407 die
845 2343 1055 2417 Erziehung
1087 2375 1155 2407 etc.
1190 2370 1289 2406 1808.
1316 2382 1351 2416 p.
1377 2370 1444 2406 307
1470 2381 1547 2416 sqq.
1572 2370 1612 2404 in

220 2426 345 2461 adnot.

315 2508 361 2553 24)
389 2508 548 2543 Senecae
579 2508 698 2554 Epist.
728 2509 779 2551 15,
806 2509 838 2543 5.
881 2509 995 2551 Quum
1035 2509 1072 2543 hi
1109 2508 1299 2544 novissimi
1324 2519 1454 2543 versus
1480 2509 1518 2543 in
1544 2512 1619 2543 tra-

219 2565 354 2608 goedia
377 2565 565 2612 Euripidis
592 2566 916 2612 (Bellerophonte)
944 2567 1171 2611 pronuntiati
1199 2569 1341 2608 essent,
1374 2569 1475 2600 totus
1500 2577 1616 2611 popu-

218 2620 274 2656 lus
292 2623 340 2657 ad
357 2623 573 2669 ejiciendum
592 2628 628 2658 et
646 2627 804 2659 actorem
827 2627 864 2658 et
880 2635 1027 2658 carmen
1045 2624 1275 2659 consurrexit
1292 2636 1365 2659 uno
1384 2624 1522 2670 impetu
1546 2626 1615 2657 eto.

315 2704 362 2748 ²⁵)
390 2704 539 2750 Adolph
566 2704 688 2749 Stahr,
714 2705 935 2741 Aristoteles
961 2705 1103 2741 Poetik.
