1776 3214
891 233 948 277 11

223 395 307 436 qua
336 382 526 423 versetur
555 380 752 434 tragicus.
800 379 955 422 Omnes
995 379 1105 422 enim
1141 380 1184 422 in
1214 379 1434 433 tragoedia
1471 389 1617 431 perso-

222 463 370 497 narum
402 448 611 501 miserias,
656 452 705 491 ut
729 449 817 503 jam
848 460 976 501 supra
1005 448 1205 499 diximus,
1252 461 1303 491 ex
1340 447 1491 490 animis
1523 446 1548 489 i.
1580 459 1616 490 e.

224 533 275 563 ex
304 518 417 561 vitiis
449 521 492 560 et
521 514 765 559 criminibus
797 529 941 559 eorum
970 530 1163 560 manasse
1192 521 1367 571 oportet.
1404 516 1614 569 Quemad-

222 589 395 632 modum
424 587 555 642 igitur
582 585 716 629 fatum
749 598 916 630 caecum
951 598 1063 638 esse,
1110 587 1220 629 unde
1256 586 1329 629 illa
1367 586 1507 630 fatalis
1539 599 1615 630 ne-

224 657 397 702 cessitas
435 656 634 699 exsistere
678 659 836 709 potest,
884 661 952 707 ut,
999 656 1202 710 quidquid
1249 656 1430 708 accidat,
1475 657 1518 699 id
1562 669 1615 699 ex

224 730 396 770 aeterna
432 724 610 767 veritate
641 736 964 778 caussarumque
996 724 1310 767 continuatione
1347 724 1516 768 fluxisse
1552 725 1615 767 vi-

223 795 373 839 deatur
403 797 445 837 et
476 794 763 849 credatur‘?²⁸)
803 794 1078 837 Inveniuntur
1107 793 1276 847 quidem
1304 794 1463 837 multae
1491 794 1613 837 fabu-

222 864 309 917 lae,
348 863 392 906 in
422 863 573 917 quibus
602 862 736 906 fatum
766 863 827 906 ita
856 866 1146 916 comparatum
1177 866 1260 914 est,
1306 863 1380 905 sed
1411 862 1617 905 malorum

225 937 464 989 poetarum,
497 932 648 988 quibus
669 932 916 987 Sophocles,
948 936 997 976 ut
1026 933 1185 987 opinor,
1215 946 1299 977 non
1320 937 1386 976 est
1416 933 1618 977 adnume-

223 1003 393 1045 raudus.
403 1002 456 1056 29)

340 1071 437 1115 Jam
467 1084 565 1114 vero
606 1073 654 1113 ut
684 1070 939 1114 sententiam
963 1070 1255 1126 judiciumque
1284 1076 1478 1115 nostrum
1508 1071 1616 1115 dilu-

224 1140 355 1184 cidius
377 1152 633 1194 exponamus
654 1143 697 1183 et
718 1138 1002 1193 defendamus,
1023 1140 1329 1184 transeundum
1351 1145 1416 1183 est
1436 1141 1491 1184 ad
1512 1140 1619 1183 alte-

223 1223 314 1252 ram
344 1209 640 1263 disputationis
670 1213 851 1263 partem,
899 1210 942 1253 in
982 1223 1065 1264 qua
1096 1210 1304 1264 Oedipum
1335 1211 1496 1265 Regem
1526 1223 1611 1253 non

223 1277 311 1321 fato
333 1279 514 1332 quodam
543 1277 710 1321 funesto
733 1282 776 1321 et
804 1278 945 1322 invido
967 1282 1161 1322 sanctum
1191 1279 1541 1332 innocentemque
1561 1278 1618 1320 ad

225 1348 400 1391 crimina
421 1348 682 1402 compulsum
705 1347 778 1390 sed
798 1347 936 1401 ipsum
957 1348 1038 1391 sibi
1054 1347 1182 1391 exitio
1204 1360 1253 1391 ac
1267 1348 1465 1402 perniciei
1485 1347 1618 1391 fuisse

224 1417 567 1459 demonstremus.
608 1416 674 1459 Ab
704 1416 826 1458 initio
848 1417 921 1456 τοῦ
950 1414 1095 1470 μύθου
1117 1416 1246 1471 igitur
1266 1416 1511 1459 ordiendum
1542 1419 1621 1458 est.

339 1485 467 1528 Laius
498 1485 610 1538 turpi
641 1489 684 1528 et
712 1484 931 1527 libidinoso
963 1497 1105 1527 amore
1138 1490 1286 1539 captus
1310 1485 1457 1538 Pelopi
1487 1484 1620 1527 filium

226 1553 505 1608 Chrysippum
542 1553 584 1596 vi
621 1553 772 1608 rapuit.
782 1552 835 1608 ³⁰)
890 1551 954 1595 Ea
992 1553 1121 1596 animi
1159 1554 1397 1598 vehementi
1436 1553 1622 1597 concita-

223 1623 340 1667 tione
387 1627 429 1666 et
477 1623 701 1667 temeraria
747 1624 978 1678 cupiditate
1026 1628 1227 1668 notantur
1265 1637 1403 1668 mores
1444 1623 1618 1678 vitaque

225 1692 390 1748 ejus.³¹)
431 1693 569 1745 Quum
598 1697 748 1747 postea
778 1694 932 1737 liberos
974 1706 1025 1736 ex
1055 1706 1184 1736 uxore
1212 1693 1376 1736 Iocaste
1407 1706 1490 1736 non
1520 1705 1614 1736 sus-

320 1820 362 1862 23)
387 1819 515 1854 Verba
539 1822 625 1854 sunt
650 1818 837 1855 Ciceronis
862 1819 900 1853 in
924 1819 1020 1854 libro
1052 1819 1172 1865 primo
1199 1819 1274 1864 (19,
1307 1819 1376 1863 55.)
1408 1819 1464 1853 De
1489 1822 1622 1853 natura

225 1875 389 1912 deorum.

321 1935 368 1977 ²⁹)
395 1934 448 1968 Of.
473 1934 601 1980 Pauly,
633 1934 988 1980 Realcncyclopiidie
1022 1934 1087 1969 des
1120 1934 1308 1969 klassisoh.
1342 1934 1504 1969 Alterth.
1530 1946 1559 1969 s.
1585 1946 1621 1969 v.

223 1990 357 2026 Fatum
382 2003 463 2037 pag.
489 1991 569 2027 434.

318 2050 365 2094 ³⁰)
392 2049 498 2092 Quod
515 2038 662 2095 quid'em
681 2050 882 2096 Sophocles
906 2050 984 2096 ipse
1002 2049 1199 2085 memoriae
1225 2060 1299 2084 uon
1320 2048 1521 2091 mandavit,
1547 2048 1614 2084 sed

225 2108 411 2142 oraculum
437 2107 545 2144 docet
571 2119 767 2154 responso,
792 2107 891 2153 quod
916 2107 962 2143 de
986 2107 1163 2154 progenie
1180 2106 1381 2142 sciscitanti
1398 2106 1488 2141 Laio
1507 2106 1618 2141 dede·

224 2169 299 2199 rat:
320 2162 411 2199 Δάϊε
424 2162 651 2212 Λαβδακίδη,
666 2165 805 2200 παίδων
818 2166 929 2211 γένος
940 2164 1067 2209 ὄλβιον
1081 2166 1199 2203 αἰτεῖς
1208 2168 1277 2200 etc.
1303 2163 1375 2199 Cfr.
1391 2163 1619 2199 SchneideW.

224 2222 398 2268 Einleitg.
435 2234 516 2257 zum
551 2222 678 2269 Konig
709 2223 872 2270 Oedipus
905 2224 1005 2269 p.'1.
1054 2222 1152 2258 Vide
1185 2222 1405 2268 Apollodori
1439 2222 1621 2257 Biblioth.

223 2280 301 2324 III,
336 2280 375 2324 5,
402 2280 434 2315 5.
476 2278 512 2314 ‘O
537 2280 598 2324 δὲ,
635 2282 672 2314 ἐν
706 2279 972 2328 Πελοποννήσῳ
1007 2279 1183 2314 διατελῶν
1218 2279 1449 2320 ἐπιξενοῦται
1483 2277 1623 2314 Πέλοπι

224 2338 280 2372 καὶ
318 2339 450 2372 τούτου
486 2338 595 2372 παῖδα
631 2337 846 2384 Χρύσιππον
881 2338 1182 2384 ἁρματοδραμεῖν
1220 2338 1403 2371 διδάσκων
1440 2337 1626 2383 ἐρασθεὶς,

225 2396 440 2441 ἀναρπάζει.

319 2454 367 2499 ³¹)
393 2454 546 2488 Platner
570 2464 605 2499 p.
626 2454 691 2489 113
709 2465 787 2499 sqq.
807 2454 913 2488 dicit:
940 2453 1008 2488 Die
1026 2453 1271 2498 Auflehnung
1288 2453 1353 2487 des
1370 2451 1481 2498 Lajus
1499 2463 1622 2499 gegen

225 2511 291 2545 das
317 2511 464 2546 Verbot
489 2511 554 2546 des
571 2511 705 2556 Apollo
725 2512 774 2545 ist
791 2511 990 2555 allerdings
1008 2510 1089 2544 eine
1107 2510 1254 2545 Schuld.
1291 2510 1471 2544 Dasselbe
1488 2510 1623 2544 nimmt

220 2567 358 2613 jedoch
382 2568 547 2614 zugleich
573 2568 643 2602 den
671 2567 877 2602 Charakter
902 2568 1004 2603 einer
1029 2567 1150 2602 Strafe
1175 2579 1240 2610 an,
1266 2567 1313 2601 da
1338 2568 1432 2602 nach
1454 2568 1526 2602 den
1543 2567 1622 2602 An·

225 2625 369 2662 nicht-en
403 2627 468 2662 des
494 2626 726 2662 Alterthums
757 2626 901 2661 Kinder
926 2626 984 2661 ein
1011 2626 1131 2671 Segen
1156 2625 1239 2660 sind
1263 2626 1340 2661 und
1364 2625 1621 2671 Kinderlosig-

225 2684 304 2719 keit
329 2686 382 2720 als
408 2685 474 2720 das
500 2685 598 2721 Loos
623 2685 723 2721 eines
741 2684 1034 2731 Ungliicklichen
1060 2683 1275 2719 bezeichnet
1299 2684 1403 2719 wird.
1446 2684 1532 2720 Man
1557 2684 1624 2719 hat

233 2742 368 2785 daher,
402 2755 476 2778 was
505 2744 640 2789 jedoch
668 2743 872 2789 Sophokles
898 2742 999 2777 nicht
1024 2742 1192 2786 anffihrt,
1218 2754 1279 2777 um
1306 2743 1371 2777 das
1398 2742 1533 2777 Orakel
1559 2742 1624 2777 des
