1776 3214
849 236 910 282 15

185 391 233 431 ut
263 386 448 437 credam,
487 383 714 437 Oedipum,
752 394 881 436 quum
913 382 966 425 ad
996 382 1211 426 oraculum
1243 381 1386 426 insciis
1417 381 1576 436 Polybo

185 460 229 499 et
259 455 433 507 Merope
463 465 510 496 se
540 451 801 504 contulisset,
841 464 925 494 non
954 451 1090 494 solum
1129 465 1214 495 non
1247 454 1445 504 „temere‚
1478 463 1577 495 con·

185 523 422 574 tumaciter,
451 519 583 575 impie
605 520 826 563 consilium
848 518 1012 574 cepisse
1045 524 1089 563 et
1116 521 1367 576 peregisse‚“
1401 524 1452 563 ut
1476 519 1577 564 Gef-

185 594 268 637 fers
299 589 596 643 existimat‚⁴³)
642 589 716 632 sed
751 602 848 633 vere
878 590 995 643 pium
1026 602 1073 632 se
1102 590 1347 643 praebuisse
1376 590 1430 633 ob
1461 603 1576 633 eam-

186 675 268 717 que
297 673 387 703 rem
417 659 602 703 maxima
632 658 755 702 laude
785 658 959 713 dignum
997 670 1109 702 esse.v
1159 658 1324 703 Pietate
1355 660 1467 702 enim
1496 659 1576 702 im-

184 731 352 786 pulsum
381 728 512 772 fuisse
542 728 604 771 illi
633 729 711 771 viri
743 726 1017 771 eruditissimi
1047 731 1210 781 putant,
1250 731 1299 770 ut
1328 741 1426 772 suos
1450 737 1576 771 'veros

187 803 385 856 parentes
416 800 687 853 cognosceret
716 800 759 841 et
789 797 1026 850 adamaret;
1073 800 1116 840 et
1146 797 1325 849 addunt,
1365 797 1401 840 si
1438 797 1576 841 minus

162 862 344 923 ‘probus
385 871 607 921 rectusque
644 866 885 909 adolescens
915 865 1081 918 fuisset,
1122 865 1308 909 futurum
1346 865 1493 918 fuisse,
1531 870 1579 909 ut

187 937 411 992 explicatio
443 940 486 980 et
515 934 744 980 declaratio
776 933 925 990 Polybi
956 947 1007 978 ac
1037 935 1230 988 Meropes
1262 947 1357 978 eum
1385 934 1579 978 consola-

186 1011 305 1051 retur
335 1019 563 1059 curamque
593 1009 637 1048 et
666 1018 866 1059 angorem
897 1003 1030 1047 animi
1058 1004 1228 1057 levaret,
1260 1008 1304 1047 et
1333 1008 1381 1047 ut
1404 1005 1496 1058 ipse
1526 1004 1578 1048 de

187 1075 353 1131 origine
383 1088 462 1118 sua
493 1074 700 1118 sciscitari
729 1073 860 1117 nollet
889 1076 1024 1124 metu,
1065 1086 1118 1116 ne
1156 1073 1397 1127 quaerendo
1428 1086 1579 1128 paren-

186 1144 300 1187 tibus
345 1142 573 1187 humilibus
619 1147 765 1186 natum
812 1155 859 1185 se
905 1155 996 1185 esse
1042 1141 1303 1196 comperiret
1370 1142 1579 1197 Oedipum

187 1214 317 1267 igitur
340 1213 429 1267 Jam
460 1216 550 1255 tum
582 1224 631 1255 eo
661 1212 799 1254 animo
832 1211 941 1253 virili
972 1212 1114 1253 omnia
1145 1212 1292 1266 egisse,
1331 1224 1414 1266 quo
1444 1212 1489 1255 in
1509 1225 1580 1255 ex-

187 1287 323 1325 trema
351 1281 494 1325 fabula
524 1280 714 1324 excellat.
764 1281 861 1323 Mea
889 1283 1034 1323 tamen
1064 1280 1276 1323 sententia
1307 1280 1505 1335 Oedipus,
1540 1280 1579 1324 si

187 1363 285 1395 vere
314 1351 408 1405 pius
439 1351 484 1393 in
516 1362 586 1393 eos
617 1349 775 1402 fuisset,
808 1352 1142 1405 quos,parentes
1170 1347 1369 1403 habebat,
1404 1354 1480 1393 aut
1509 1363 1580 1394 ac-

187 1421 400 1474 quiescere
430 1418 475 1462 in
506 1432 651 1463 eorum
671 1431 878 1472 >responso
910 1418 1096 1473 illudque
1127 1418 1305 1472 probare
1336 1423 1427 1472 aut,
1467 1421 1581 1474 quod

186 1489 319 1532 filium
350 1501 443 1532 esse
472 1501 556 1531 non
587 1490 921 1539 asseverassent‚
960 1486 1014 1530 ab
1052 1486 1106 1531 iis
1146 1486 1302 1530 iterum
1340 1487 1579 1543 iterumque

187 1563 331 1612 petere
371 1557 570 1609 debebat,
609 1559 658 1599 ut
688 1560 832 1609 aperte
872 1556 960 1610 eJus
992 1555 1194 1610 originem
1234 1555 1495 1610 explicarent
1535 1561 1579 1601 et

187 1627 433 1670 revelarent.
616 1682 620 1683 ⁷

306 1696 371 1736 Ea
410 1695 479 1736 via
519 1695 655 1736 omnis
694 1693 904 1736 dubitatio
941 1694 1126 1736 tollenda
1172 1699 1216 1737 et
1252 1694 1500 1738 solvendum
1540 1697 1581 1739 ei

191 1767 283 1805 erat
312 1761 529 1817 aenigma,
576 1762 708 1816 quod,
754 1765 802 1804 ut
830 1760 973 1804 fabula
1011 1761 1228 1814 docemur,
1274 1762 1356 1805 nisi
1387 1762 1581 1807 Corinthi

187 1879 251 1910 ten
278 1875 427 1911 Griinde
459 1875 534 1909 und
566 1878 658 1910 statt
684 1875 748 1909 des
773 1887 847 1910 von
880 1875 947 1910 der
971 1876 1069 1910 alten
1099 1875 1194 1920 Sage
1219 1876 1477 1921 aufgestellten
1502 1878 1581 1913 Mo-

187 1932 278 1977 tivs,
306 1932 364 1969 die
389 1931 551 1979 Oedipus
576 1932 769 1968 ausziehen
794 1932 902 1976 limet,
935 1943 997 1967 um
1021 1932 1138 1968 Rosse
1163 1944 1206 1967 zu
1231 1933 1387 1977 suchen,
1422 1934 1480 1969 ein
1511 1934 1580 1970 mit

188 1992 255 2026 der
279 1991 464 2037 Peripetie
490 1992 554 2026 des
578 1991 744 2026 Drama's
769 1992 805 2026 in
825 1994 993 2037 engstem
1017 1991 1360 2038 zusammenhauge
1380 1994 1579 2029 stehendes

187 2048 304 2083 Motiv
330 2049 488 2094 gewahlt
512 2048 594 2091 hat,
627 2059 668 2084 so
692 2049 817 2083 finden
844 2049 910 2083 wir
933 2049 973 2083 in
999 2049 1138 2084 diesem
1163 2050 1376 2085 Benehmen
1402 2051 1466 2086 des
1495 2052 1579 2097 jun-

188 2117 260 2151 gen
284 2106 436 2141 Mannes
461 2106 529 2141 mit
551 2106 659 2142 Kock
684 2107 815 2151 nichts‚
841 2118 916 2142 was
941 2107 1017 2142 ihm
1049 2119 1130 2142 zum
1157 2107 1352 2143 Vorwurfe
1383 2110 1579 2155 gereichen

188 2163 343 2206 konnte‚
380 2167 524 2198 miissen
558 2164 734 2198 vielmehr
766 2165 838 2199 den
862 2164 943 2209 Zug
974 2165 1040 2199 der
1064 2165 1188 2199 Pietat
1218 2166 1397 2201 riihmlich
1427 2167 1579 2202 hervor-

187 2220 319 2266 heben,
344 2221 482 2255 welche
506 2221 571 2255 ihn
596 2241 640 2246 —
665 2221 715 2255 im
738 2221 945 2258 Kontraste
969 2233 1012 2255 zu
1036 2221 1175 2257 seinem
1193 2222 1402 2258 Schicksale
1417 2244 1464 2250 -
1487 2225 1579 2259 dazu

187 2279 324 2330 treibt2
351 2278 451 2313 seine
476 2279 625 2313 wahren
658 2278 788 2315 Eltern
820 2279 963 2314 kennen
998 2280 1072 2316 und
1098 2280 1220 2316 lieben
1252 2293 1296 2315 zu
1320 2281 1457 2318 lernen.
1506 2282 1579 2318 Ein

188 2326 351 2381 weniger
375 2336 474 2370 edles
501 2335 658 2371 Gemfith
683 2336 785 2372 hiitte
809 2337 887 2372 sich
904 2338 1001 2372 wohl
1026 2338 1176 2373 beiden
1192 2339 1578 2385 beschwichtigenden

187 2393 445 2439 Erklfirungen
478 2393 542 2428 des
574 2394 852 2430 korinthischen
884 2395 1161 2441 Konigspaares
1198 2396 1401 2442 beruhigen
1441 2400 1576 2444 mogen

187 2452 264 2486 und
289 2452 437 2487 weitere
462 2451 811 2497 Nachforschungen
829 2452 1039 2487 vermieden
1064 2465 1128 2488 aus
1146 2453 1293 2496 Furcht‚
1319 2454 1420 2489 seine
1438 2454 1579 2500 cigent-

188 2508 308 2545 lichen
333 2509 463 2545 Eltern
490 2509 554 2544 auf
575 2509 676 2545 einer
699 2510 891 2555 niedrigen
916 2510 1270 2555 gesellschaftlichen
1296 2510 1398 2546 Stufe
1429 2524 1474 2547 zu
1498 2517 1578 2549 ent-

188 2565 327 2602 decken
359 2570 428 2603 etc.
476 2566 638 2613 Oedipus
668 2567 766 2613 zeigt
796 2567 877 2603 hier
907 2567 1021 2604 sehon
1054 2567 1215 2604 dieselbe
1247 2569 1454 2606 mannliche
1486 2571 1579 2607 Ent-

188 2622 471 2668 scfflossenheit,
508 2625 645 2661 welche
678 2625 740 2661 ihu
772 2624 809 2659 in
843 2625 910 2660 der
933 2625 1290 2671 Enthiillungsscene
1322 2627 1387 2663 des
1412 2628 1577 2664 Drama's

188 2679 304 2716 selbst
328 2682 569 2718 auszeichnet.

281 2739 329 2783 ⁴¹³)
355 2751 391 2785 p.
418 2739 472 2775 20.
