1776 3214
881 258 942 306 17

314 409 562 454 Corinthum
595 412 755 462 autem,
785 409 858 453 ubi
888 409 931 453 in
962 410 1086 454 domo
1117 411 1340 465 parentum
1363 420 1592 463 eorumque

198 494 344 538 opera,
377 492 461 535 qua
480 479 549 523 via
571 482 685 523 certo
706 479 967 535 propositum
989 482 1204 524 assecutus
1233 482 1364 533 esset,
1395 478 1439 522 in
1460 491 1593 535 genus

197 564 317 597 suum
349 550 597 605 inquireret,
635 563 719 594 non
748 550 890 604 rediit,
929 550 1120 605 quamvis
1150 550 1348 594 vaticinio
1380 550 1433 594 ab
1464 549 1593 605 Apol-

197 623 279 667 line
300 623 477 675 accepto
498 623 757 664 momentum
777 633 1053 676 permagnum
1071 621 1125 664 ad
1145 620 1303 664 malum
1319 621 1593 665 avertendum

197 691 382 748 profecto
413 689 463 734 id·
487 690 724 734 habuisset:
766 691 878 745 quod
908 691 1233 741 dubitationem,
1271 704 1380 745 quae
1411 704 1507 734 eum
1547 692 1591 733 in

198 774 291 806 eam
322 763 505 805 mentem
535 759 780 814 impulerat,
818 763 867 803 ut
888 760 1111 803 oraculum
1142 760 1295 814 adiret,
1334 759 1487 804 oblitus
1518 764 1593 804 aut

198 836 356 876 temere
376 833 644 885 aspernatus,
667 830 787 886 quasi
806 830 961 874 rationi
981 833 1237 886 repugnaret
1255 843 1448 886 vanaque
1470 834 1592 883 esset,

198 914 424 958 regemque
445 900 707 944 Corinthium
741 901 913 957 eJ'usque
943 914 1116 945 uxorem
1146 904 1342 957 parentes
1372 914 1471 945 suos
1503 914 1594 945 esse

199 972 443 1017 existimans
473 971 515 1016 id
546 974 712 1016 tantum
743 971 936 1026 curabat,
968 985 1020 1017 ne
1050 972 1217 1031 in‚'e0s‚
1255 976 1304 1017 ut
1333 973 1593 1028 praedictum

199 1046 307 1096 erat,
339 1043 514 1097 impium
546 1043 880 1096 sceleratumque
911 1042 1073 1085 facinus
1104 1043 1395 1086 committeret.
1435 1042 1592 1086 Verum

199 1116 341 1156 tamen
372 1124 538 1155 omnem
577 1111 882 1155 dubitationem
921 1112 1103 1155 eximere
1141 1112 1223 1155 sibi
1255 1125 1308 1156 ex
1337 1112 1478 1156 animo
1510 1126 1595 1156 non

198 1182 354 1237 potuit,
387 1182 424 1225 si
455 1182 623 1237 quidem
655 1194 760 1225 sana
790 1185 932 1226 mente
962 1194 1039 1226 nec
1070 1182 1317 1237 perturbata
1347 1195 1472 1226 aures
1504 1195 1597 1226 ora-

200 1252 293 1296 culo
325 1252 576 1306 praebuerit.
624 1252 735 1295 Illud
773 1252 882 1296 enim
913 1257 1096 1307 patrem,
1139 1266 1190 1296 ex
1220 1265 1303 1307 quo
1334 1256 1460 1297 natus
1492 1257 1597 1308 erat,

199 1322 257 1375 ei,
290 1335 413 1376 quem
435 1322 616 1366 vocabat
644 1325 883 1376 parentem,
916 1322 1114 1377 opposuit
1133 1326 1262 1377 atque
1289 1323 1348 1366 ita
1378 1324 1483 1367 satis
1505 1336 1596 1367 ma-

198 1391 350 1436 nifesto
382 1392 634 1447 enuntiavit,
668 1392 871 1447 Polybum
902 1405 987 1436 non
1018 1405 1113 1436 esse
1151 1393 1240 1449 ejus
1272 1383 1544 1448 genitorem(

283 1460 362 1502 Καὶ
388 1461 441 1517 μ’
475 1462 498 1503 ὃ
533 1460 707 1517 Φοῖβος,
739 1460 799 1502 ὧν
826 1460 907 1517 μὲν
938 1460 1100 1519 ἱκόμην,

283 1528 429 1586 ἄτιμον
459 1528 711 1586 ἐξέπεμψεν,
744 1526 847 1571 ἄλλα
878 1527 922 1570 δ’
954 1527 1082 1571 ἄθλια

210 1623 217 1625 μ
283 1598 351 1640 καὶ
381 1597 496 1640 δεινὰ
526 1598 594 1639 καὶ
624 1597 805 1656 δύστηνα
835 1597 1063 1657 προύφάνη
1092 1597 1241 1654 λέγων,

283 1667 344 1712 ὡς·
363 1690 417 1698 -
439 1665 599 1723 φονεὺς
619 1665 792 1725 ἐσοίμην
823 1667 909 1708 τοῦ
942 1665 1299 1724 φυτεύσαντος
1327 1682 1389 1709 πα
1402 1666 1595 1724 τρύφη)

198 1736 256 1779 At
285 1737 385 1790 quid
415 1736 590 1790 prodest
620 1736 844 1790 prudentia
874 1749 925 1779 ac
955 1735 1145 1780 doctrina
1175 1737 1246 1791 iis,
1279 1737 1350 1791 qui
1379 1738 1490 1781 caeci
1520 1751 1596 1793 per

197 1804 330 1848 vitam
360 1804 566 1849 feruntur!

314 1876 503 1919 Fuerunt
524 1876 595 1930 qui
618 1876 929 1930 contenderent,
950 1876 993 1919 in
1014 1875 1244 1932 tragoediis
1266 1877 1452 1932 antiquis
1474 1892 1596 1933 prae-

199 1947 313 1991 dicta
344 1947 528 2000 evenire,
570 1947 761 2001 quamvis
792 1947 1002 2000 homines,
1044 1960 1148 2001 quos
1179 1947 1446 2001 spectabant,
1479 1949 1598 1992 obni-

199 2020 335 2061 tentes
374 2020 520 2061 contra
560 2030 609 2060 ea
648 2017 844 2060 resistere
875 2018 969 2060 ausi
1000 2021 1158 2070 essent,
1199 2020 1242 2060 et
1272 2017 1344 2071 qui
1374 2023 1598 2073 propterea

200 2088 511 2138 concluderent,
544 2091 689 2130 contra
720 2086 797 2129 fati
823 2087 1084 2132 voluntatem
1106 2086 1267 2129 nullum
1288 2086 1499 2130 hominem
1530 2101 1596 2131 re-

199 2169 386 2212 pugnare
416 2169 551 2211 posse.
602 2155 804 2200 Infestam
834 2156 981 2212 igitur,
1019 2160 1066 2200 ut
1091 2157 1180 2211 jam
1212 2156 1255 2199 in
1284 2155 1422 2211 prima
1453 2162 1597 2202 nostra

199 2227 493 2281 disputationis
514 2230 634 2281 parte
657 2226 1110 2279 commemoravimus,
1132 2229 1175 2269 et
1195 2238 1363 2269 caecam
1384 2227 1595 2281 quandam

198 2296 282 2340 vim
313 2294 523 2340 malitiose
554 2295 709 2340 insonti
739 2295 868 2340 libero
899 2296 1007 2350 viro,
1039 2308 1164 2350 quem
1195 2296 1437 2341 criminibus
1470 2301 1597 2342 antea

200 2366 507 2419 obstrinxisset,
548 2366 684 2409 moliri
723 2366 951 2420 perniciem
992 2366 1271 2420 opinabantur
1339 2367 1397 2409 At
1434 2367 1534 2411 licet
1570 2381 1597 2411 a

200 2434 427 2491 Sophocle,
460 2435 688 2491 Aeschylo,
720 2436 919 2491 Euripide
949 2435 1139 2480 homines
1169 2436 1213 2479 in
1242 2435 1395 2480 fabulis
1418 2437 1503 2481 sint
1534 2438 1598 2481 in-

200 2507 403 2557 troducti,
456 2506 526 2560 qui
568 2507 628 2548 ita
667 2507 719 2549 de
764 2506 850 2549 fato
890 2507 1081 2561 judicent
1126 2509 1170 2548 et
1215 2505 1370 2549 frustra
1414 2519 1460 2550 se
1502 2520 1599 2553 cum

200 2575 340 2620 invida
369 2575 537 2620 fortuna
566 2576 746 2620 luctatos
778 2589 869 2620 esse
900 2589 1002 2631 prae
1033 2589 1079 2620 se
1108 2575 1263 2629 ferant,
1294 2579 1504 2631 nusquam
1535 2582 1599 2623 ta—

293 2738 341 2783 4Β)
368 2737 413 2774 V.
448 2737 516 2773 788
547 2749 625 2784 sqq.
671 2737 746 2773 Ubi
779 2749 850 2774 vox
883 2737 1139 2783 φυτεύσαντος
1165 2738 1273 2784 juxta
1307 2740 1448 2785 πατρὸς·
1476 2741 1599 2787 posita

200 2795 454 2839 gravissimam
480 2797 554 2833 vim
579 2796 717 2833 habere
744 2797 899 2834 videtur.
948 2796 1001 2833 Of.
1027 2795 1107 2834 436.

1296 2858 1318 2893 2
