1776 3214
867 210 929 260 31

199 374 250 408 ea
299 360 426 406 situ'm
465 364 549 416 est,
595 361 781 406 animum
839 361 980 406 mariti
1019 360 1223 406 afflictum
1268 363 1311 405 et
1362 360 1593 405 demissum

198 431 444 476 confirmare
480 435 608 486 atque
647 432 806 487 erigere
848 432 1098 485 conabatur,
1145 432 1272 475 ducta
1311 444 1385 485 spe
1429 434 1473 474 et
1503 430 1593 484 opi·

198 502 341 556 nione,
391 501 595 545 famulum
647 514 787 546 coram
836 501 1012 557 populo,
1072 514 1179 556 quae
1228 504 1356 547 antea
1405 500 1591 554 dixisset,

198 576 363 616 mutare
409 585 493 615 non
537 585 678 626 posse;
729 572 804 616 sed
849 570 1014 615 etiamsi
1059 570 1100 614 id
1141 570 1329 624 fecisset,
1380 570 1591 613 neminem

198 642 242 686 id
286 641 397 697 quod
443 644 675 694 constaret,
736 640 888 684 Laium
937 653 963 683 a
1012 639 1097 683 filio
1148 640 1280 684 multo
1331 643 1429 683 aute
1478 652 1590 683 mor-

198 716 270 756 tuo
316 710 494 755 interfici
538 724 621 755 non
666 711 874 766 potuisse,
924 710 1173 765 impugnare
1219 722 1419 753 ausurum
1464 714 1592 765 atque

198 782 258 825 ita
288 781 445 825 Loxiae
482 781 741 836 praedictum
770 779 923 824 falsum
955 779 1244 835 appariturum
1275 780 1454 835 ideoque
1484 780 1592 823 vati-

198 851 473 896 cinationibus
517 864 601 895 non
641 863 734 895 esse
772 850 1038 894 credendum.
1085 849 1152 905 (V.
1192 848 1280 891 850
1317 850 1423 905 sqq.)
1474 850 1590 902 Quae

198 920 506 976 argumentatio
538 933 665 975 quam
695 920 822 975 plena
852 919 908 963 sit
938 919 1112 963 deorum
1143 920 1477 975 contemptionis,
1508 932 1592 963 non

199 995 263 1035 est
294 1004 368 1035 cur
397 1003 603 1034 moneam.

315 1061 511 1111 Cantico‚
561 1060 674 1114 quod
705 1059 855 1102 deinde
888 1059 1040 1103 chorus
1072 1058 1221 1113 incipit
1252 1062 1294 1102 et
1325 1059 1495 1113 plenum
1527 1064 1591 1102 est

198 1130 426 1187 gravitatis,
449 1133 492 1174 et
521 1129 775 1185 majestatis,
809 1129 1042 1174 celebratur
1071 1129 1209 1184 pietas
1241 1132 1284 1173 et
1314 1129 1479 1185 religio;
1519 1130 1593 1174 do-

198 1205 294 1246 cent
324 1214 447 1245 senes
478 1201 686 1255 Thebani,
725 1204 922 1244 aeternas
954 1213 1048 1244 esse
1079 1204 1122 1244 et
1159 1201 1441 1244 immutabiles
1473 1204 1594 1244 sanc-

197 1276 263 1315 tas
293 1272 407 1327 leges
440 1271 620 1325 divinas,
663 1274 705 1314 et
746 1271 991 1324 ostendunt,
1039 1271 1277 1325 superbiam
1309 1267 1472 1328 (ὕβριν)
1503 1270 1593 1315 fou-

197 1347 283 1386 tem
314 1342 413 1385 mali
445 1346 488 1385 et
517 1342 781 1385 miseriarum
813 1354 916 1385 esse.
946 1341 1014 1396 (V.
1035 1331 1362 1396 863—91'0)⁷⁶)
1402 1342 1464 1384 Eo
1494 1355 1593 1385 can-

197 1412 281 1456 tico
312 1414 513 1467 petuntur
542 1424 709 1466 quoque
749 1424 834 1455 una
873 1415 916 1455 et
954 1411 1218 1467 castigantur
1248 1411 1434 1467 Oedipus
1465 1415 1594 1467 atque

197 1483 380 1535 Iocaste,
413 1495 521 1536 quae
541 1495 638 1525 mox
667 1482 794 1525 rediit
825 1486 1064 1534 narratura,
1095 1486 1252 1536 quanto
1284 1495 1475 1526 moerore
1497 1495 1594 1526 con-

193 1553 269 1608 Jux
299 1552 354 1596 sit
376 1551 608 1605 confectus,
640 1552 755 1608 cujus
778 1552 982 1596 attonitus
1015 1555 1057 1596 et
1077 1552 1192 1595 velut
1222 1555 1391 1607 torpore
1411 1552 1593 1607 quodam

198 1622 366 1666 insolito
396 1625 544 1676 captus
576 1622 739 1665 animus
770 1635 823 1665 ne
844 1621 1131 1666 consolatione
1162 1622 1301 1665 uxoris
1323 1622 1494 1677 quidem
1524 1636 1592 1666 sa-

198 1692 289 1736 nari
329 1692 473 1747 possit.
522 1692 660 1744 Quare
697 1691 898 1736 incidisse
928 1692 1007 1736 sibi
1038 1692 1336 1747 cogitationem
1366 1690 1491 1747 (ὂόξα
1520 1707 1594 1746 μοι

199 1759 466 1818 παρεστιίθη,
499 1775 535 1804 v.
566 1760 682 1817 911.)
714 1762 793 1805 diis
825 1761 1063 1806 sacrificare
1096 1766 1140 1806 et
1169 1762 1435 1817 potissimum
1466 1761 1595 1816 Apol-

197 1831 300 1875 linis·
324 1830 630 1887 (imprudenter
660 1845 709 1876 ac
738 1836 933 1887 proterve
965 1833 1089 1877 modo
1112 1832 1361 1888 contempti)
1393 1832 1594 1876 auxilium

198 1901 610 1957 misericordiamque
641 1902 877 1957 implorare.
912 1903 994 1948 Vix
1025 1916 1075 1947 ea
1106 1902 1233 1947 effata
1265 1907 1373 1957 erat,
1405 1902 1459 1958 (v.
1480 1900 1596 1956 924.)

199 1984 347 2027 quum,
379 1972 499 2027 quasi
529 1972 631 2016 deus
663 1985 757 2017 eam
783 1973 1082 2028 exaudivisset,
1113 1973 1283 2017 nuntius
1305 1972 1506 2018 Corintho
1527 1986 1598 2017 ve-

198 2043 278 2095 nit,
325 2055 466 2097 regem
498 2043 702 2097 Polybum
732 2048 944 2087 mortuum
976 2057 1081 2087 esse.
1122 2044 1213 2096 Quo
1244 2044 1391 2087 nuntio
1423 2048 1596 2097 accepto

198 2112 364 2156 Iocaste
394 2112 523 2156 nimio
554 2112 707 2169 gaudio
737 2123 870 2168 paene
901 2113 1054 2169 desipit
1085 2117 1128 2158 et
1158 2113 1271 2158 omni
1309 2113 1399 2157 acie
1429 2113 1596 2157 mobilis

198 2182 355 2237 ingenii
386 2186 600 2226 exstructa
632 2183 760 2227 etiam
790 2187 880 2228 tum
907 2184 1116 2228 exsultare
1138 2188 1181 2228 et
1211 2184 1472 2238 triumphare
1501 2196 1596 2237 per-

199 2252 261 2308 git
291 2253 343 2296 de
364 2253 628 2297 oraculorum
658 2254 862 2310 vanitate,
894 2268 1023 2311 quum
1048 2254 1137 2310 jam
1158 2254 1292 2298 virum
1315 2254 1462 2298 adesse
1483 2253 1595 2297 vide-

198 2326 275 2366 ret.
331 2323 469 2376 Atque
501 2322 705 2377 Oedipus,
751 2325 823 2378 qui
863 2325 981 2368 initio
1013 2325 1081 2368 vix
1112 2325 1258 2368 nuntio
1289 2324 1415 2367 fidem
1447 2324 1596 2367 habuit

504 2462 544 2506 π5)
573 2459 622 2496 Οὐ
648 2462 722 2508 γάρ
750 2462 847 2496 ἐστιν
873 2460 1024 2502 ἔπαλξις

567 2519 725 2569 alnos-:ov
753 2520 846 2566 πρὸς·
869 2520 979 2566 κόρον
1006 2520 1110 2567 ἀνδρὶ

568 2575 774 2612 λακτίσαντι
798 2578 916 2623 μέγαν
942 2576 1051 2618 Δίκας

567 2634 697 2679 βωμὸν
723 2636 775 2676 εἷς
801 2635 994 2681 ἀφάνειαν.

194 2692 272 2738 jam
310 2692 442 2729 chorus
484 2694 520 2729 in
560 2694 776 2741 Agamemn.
815 2707 850 2732 v.
889 2694 959 2731 364
999 2706 1077 2742 sqq.
1121 2695 1326 2733 denuntiat.
1392 2697 1445 2733 Cf.
1485 2698 1533 2734 ib.
1568 2710 1590 2734 v

201 2750 270 2788 732
296 2762 374 2797 sqq.
