1776 3214
853 239 918 293 34

301 394 408 437 Tum
425 394 612 437 <demum
642 406 774 448 quum
804 393 848 436 in
877 393 971 436 luce
992 397 1036 436 et
1055 393 1108 436 inv
1131 394 1264 437 oculis
1286 395 1429 437 omnia
1449 395 1589 448 posita

183 466 344 516 essent,
376 475 486 517 quae
515 474 653 517 usque
685 462 740 506 ad
769 461 873 506 illud
901 465 1069 516 tempus
1102 462 1267 507 occulta
1298 466 1342 506 et
1371 464 1589 507 recondita

183 536 317 585 erant,
349 530 537 586 Oedipus
567 532 766 575 miseram
807 530 1027 585 diramque
1058 534 1217 575 sortem
1247 544 1369 575 suam
1400 543 1585 586 conque-

183 602 292 646 ritur
331 614 416 646 non
457 601 603 646 multis
640 601 715 646 sed
755 600 806 644 iis
845 601 1106 656 gravissimis
1145 601 1286 646 verbis
1318 605 1361 646 et
1391 601 1587 646 ultimum

182 671 282 714 solis
313 671 451 714 lucem
481 671 623 715 valere
651 670 780 727 jubet.
841 668 1181 725 (luo—1185.)

298 740 480 784 Perinde
502 739 629 784 Chori
647 751 830 793 carmen,
852 740 965 794 quod
982 740 1277 798 antecedentia
1293 740 1444 794 Oedipi
1460 739 1588 784 verba

180 808 437 863 insequitur,
482 808 742 851 lamentatur
780 807 1053 864 fragilitatem
1085 812 1128 853 et
1156 808 1491 853 imbecillitatem
1521 821 1587 852 re—

179 890 276 921 rum
320 878 621 931 humanarum,
667 877 917 933 gravissime
958 882 1101 922 tamen
1147 879 1200 923 de
1243 879 1398 923 misera
1436 878 1588 932 Oedipi

178 946 268 989 vita
298 947 507 1001 queritur,
540 947 670 1001 culpa-
693 947 806 1002 regis
837 951 1001 991 attacta
1031 960 1115 991 non
1144 951 1194 990 ut
1223 960 1322 992 eum
1351 951 1583 1000 accusaret,

180 1016 293 1070 quod
324 1015 493 1070 quidem
525 1029 623 1060 vere
654 1016 884 1060 humanum
926 1021 992 1060 est
1030 1025 1072 1060 et
1102 1017 1257 1060 nobilis
1298 1016 1428 1060 animi
1457 1017 1586 1060 docu-

179 1089 392 1139 mentum,
438 1086 510 1129 sed
549 1090 598 1129 ut
644 1087 901 1129 mentionem
939 1090 1104 1130 tantum
1146 1087 1235 1142 ejus
1282 1086 1344 1130 rei
1384 1085 1587 1142 injiceret.

177 1155 245 1209 (V.
271 1153 604 1209 1186—1222.)
644 1155 755 1198 Nam
786 1168 917 1209 quum
946 1169 1128 1210 magnae
1149 1169 1251 1211 opes
1278 1154 1462 1198 afflictae
1491 1168 1587 1209 per-

178 1223 325 1277 ierint,
357 1223 451 1278 quis
483 1226 548 1267 est
578 1224 650 1278 qui
682 1224 724 1267 in
747 1236 796 1267 eo
817 1223 911 1278 ipso
933 1221 1144 1279 tempore,
1176 1237 1259 1279 quo
1287 1224 1444 1267 malum
1465 1223 1589 1267 obor-

178 1298 268 1336 tum
311 1298 377 1336 est
407 1297 451 1336 et
489 1293 660 1347 irrupit,
706 1306 842 1336 noxae
880 1294 1126 1337 recordetur
1156 1294 1413 1347 noxiumque
1443 1306 1586 1346 repre-

179 1362 358 1415 hendat,
390 1361 592 1417 castiget,
622 1361 855 1417 ignominia
885 1362 1033 1406 notet?
1075 1362 1182 1405 Duri
1212 1362 1394 1405 hominis
1424 1361 1490 1405 vel
1512 1374 1589 1415 po-

179 1431 265 1474 tius
296 1423 366 1473 vix
395 1431 577 1474 hominis
609 1443 702 1474 esse
733 1431 918 1483 videtur,
965 1431 1173 1486 ejusmodi
1203 1435 1400 1474 naturam
1430 1443 1588 1473 mores-

180 1512 265 1554 que
284 1499 461 1555 aperire.
493 1500 793 1554 Unusquisque
813 1499 928 1544 dolet
948 1512 1095 1544 casum
1115 1499 1238 1544 fracti
1259 1499 1439 1544 hominis
1462 1512 1531 1552 ac,
1553 1499 1589 1543 si

178 1569 420 1613 meminerit
439 1570 640 1613 vitiorum
655 1565 1016 1625 'peccatorumque
1029 1603 1039 1623 ‚
1071 1582 1180 1625 quae
1207 1573 1296 1613 tam
1318 1569 1482 1613 tristem
1503 1568 1588 1613 for-

178 1644 308 1683 tunae
336 1639 474 1684 vicem
503 1640 762 1695 pepererint,
794 1640 945 1684 leniter
975 1653 1025 1683 ea
1056 1652 1107 1684 ac
1127 1639 1293 1694 placide
1323 1640 1589 1694 perstringet.

179 1709 276 1752 Non
308 1710 442 1752 multo
480 1714 579 1763 post
609 1722 737 1764 quam
768 1710 919 1753 chorus
940 1708 1067 1753 finem
1089 1709 1264 1753 canendi
1284 1708 1405 1761 fecit,
1438 1721 1585 1751 servus

180 1790 233 1821 ex
268 1778 444 1822 aedibus
483 1790 678 1833 egressus
720 1778 889 1822 nuntiat
924 1777 1099 1821 fatalem
1136 1777 1322 1821 Iocastes
1354 1777 1512 1821 exitum
1544 1780 1587 1821 et

182 1846 392 1901 Oedipum
423 1848 478 1890 ad
509 1847 737 1890 maximam
758 1847 1096 1901 desperationem
1127 1847 1359 1891 adductum
1380 1859 1426 1889 se
1447 1847 1585 1901 ipsum

180 1915 409 1960 luminibus
451 1916 651 1972 privasse.
707 1916 848 1971 Atque
888 1928 986 1961 mox
1024 1916 1115 1971 ipse
1155 1928 1230 1959 rex
1259 1915 1418 1970 prodit,
1465 1916 1583 1972 cujus

181 1986 363 2029 caecitas
397 1986 570 2030 horrore
591 1987 760 2041 quidem
783 1986 966 2041 complet
986 1990 1029 2030 et
1055 1987 1110 2030 ad
1129 1986 1463 2030 misericordiam
1484 1985 1584 2029 cho-

181 2067 278 2098 rum
310 2054 493 2109 inducit,
525 2057 598 2100 sed
619 2069 703 2099 non
724 2056 927 2108 deterret,
959 2055 1062 2111 quin
1081 2055 1294 2099 dementia
1313 2055 1589 2110 depravatum

178 2137 324 2179 regem
346 2125 462 2168 dicat
483 2130 526 2168 et
547 2126 795 2177 contendat,
817 2126 968 2169 melius
990 2124 1120 2168 fuisse
1140 2125 1249 2168 mori
1269 2137 1397 2179 quam
1414 2137 1587 2169 caecum

182 2194 335 2249 degere
366 2195 509 2238 vitam.
523 2194 576 2249 ⁸⁰)
615 2195 681 2250 (V.
714 2193 1052 2249 1223—1335.)
1104 2193 1242 2246 Quum
1273 2207 1372 2237 vero
1411 2194 1586 2237 chorum

275 2356 323 2402 ⁸0)
352 2355 580 2400 Wiillnerus,
618 2358 706 2393 ibid.
745 2358 862 2394 facete
899 2358 997 2393 hunc
1033 2358 1152 2393 locum
1189 2357 1360 2394 illustrat.
1419 2356 1585 2399 „Chorus

184 2414 316 2458 igitur,
341 2414 478 2458 inquit,
505 2426 578 2449 non
605 2417 741 2461 probat
766 2415 903 2450 factum
929 2414 1073 2461 Oedipi.
1125 2415 1240 2450 Recte
1272 2413 1335 2448 ille
1367 2412 1522 2458 quidem'
1549 2417 1587 2448 et

181 2482 279 2505 vere.
329 2471 424 2506 Nam
459 2472 631 2507 mutilare
663 2484 743 2508 sese
777 2474 907 2519 quovis
932 2473 1061 2516 modo,
1101 2473 1160 2507 vel
1192 2471 1362 2508 maximis
1387 2471 1586 2506 sceleribus

182 2529 409 2575 perpetratis
441 2531 649 2575 perturbati
675 2534 820 2566 tantum
846 2530 959 2565 animi
985 2534 1023 2565 et
1048 2530 1167 2565 insani
1193 2528 1352 2565 hominis
1379 2539 1459 2563 esse
1486 2528 1585 2564 vide-

182 2590 244 2621 tur
269 2589 308 2621 et
332 2586 433 2621 cadit
457 2586 495 2620 in
512 2587 710 2622 maximam
728 2588 1049 2635 vituperationem⁴
1097 2587 1157 2633 (O.
1183 2586 1222 2621 G.
1249 2585 1329 2621 436.
1355 2587 1448 2631 sqq.)
1491 2585 1584 2628 Quin

181 2645 306 2687 etiam,
333 2644 466 2691 pergit,
493 2645 643 2691 probari
678 2657 752 2682 non
777 2648 921 2692 potest,
948 2646 979 2682 si
1004 2645 1106 2692 quis,
1132 2656 1245 2690 quum
1269 2655 1351 2680 eum
1377 2647 1464 2679 ante
1489 2655 1585 2679 com-

182 2703 377 2739 missorum
416 2703 620 2739 facinorum
655 2704 854 2748 poeniteat,
892 2715 931 2738 se
963 2703 1084 2749 ipsum
1117 2703 1273 2744 cruciet;
1310 2712 1422 2746 quum
1446 2701 1485 2736 id
1509 2702 1586 2747 ple-

181 2772 335 2806 rumque
361 2773 405 2796 cx
432 2761 607 2807 superbia
641 2766 703 2796 aut
728 2762 850 2806 aliqua
883 2761 954 2796 alia
980 2761 1113 2796 vitiosa
1147 2759 1257 2795 animi
1284 2759 1475 2795 affectione
1501 2771 1586 2805 pro—
