1776 3214
833 188 894 237 19

167 341 354 388 culorum
386 337 552 384 evenire
583 341 626 382 et
656 339 709 382 ad
730 337 870 382 omnia
892 338 1066 382 deorum
1087 337 1265 393 monita,
1298 350 1407 393 quae
1438 340 1558 393 quasi

167 410 430 457 Cassandrae·
464 409 787 452 vaticinationes
826 408 964 451 surdis
1005 412 1230 462 canuntur,
1272 409 1435 454 clausas
1468 425 1559 455 esse

165 481 380 525 hominum
410 490 545 521 aures.
586 477 668 521 Sed
698 478 830 520 altera
852 490 902 520 ex
931 480 1051 531 parte
1082 478 1123 520 id
1153 478 1255 520 mihi
1287 484 1478 525 constare
1499 482 1560 525 vi-

167 553 306 602 detur,
338 548 671 603 prudentissimis
704 547 886 590 consiliis
918 547 1170 601 monitisque
1201 548 1456 594 salutaribus
1488 565 1556 595 sa-

165 621 329 675 pientes
351 630 401 660 ac
429 617 622 671 providos
650 615 739 659 fieri
761 616 853 659 non'
870 629 994 670 posse
1021 629 1112 669 eos,
1145 617 1215 670 qui
1243 620 1558 671 perturbatione

166 702 249 734 non
280 687 363 732 sint
391 686 513 730 liberi
543 699 619 730 nec
648 686 778 729 vitam
809 685 965 741 degant
995 686 1201 740 integram
1230 691 1272 730 et
1301 689 1557 747 religiosam;

167 763 293 814 atque
324 756 547 812 praecipue
577 756 689 810 illos,
722 756 794 811 qui
825 755 884 799 ita
912 756 1143 810 comparati
1174 756 1275 809 sint,
1307 761 1355 802 ut
1385 759 1464 814 ipsi
1494 776 1559 806 re-

168 841 265 884 gere
301 840 348 869 se
384 840 467 870 non
505 827 684 881 possint,
732 826 932 880 quidquid
972 839 1066 869 cum
1104 827 1475 874 vaticinationibus
1516 838 1559 876 et

168 896 393 952 praedictis
425 896 583 950 aliquid
616 895 929 939 communitatis
960 894 1134 948 habeat,
1181 909 1229 939 eo
1261 900 1395 954 magis
1428 901 1559 956 impe-

168 966 248 1011 diri
279 969 321 1008 et
351 965 395 1008 in
427 978 611 1008 errorem
641 965 751 1019 rapi,
782 977 910 1019 quam
938 964 1124 1018 expediri
1156 969 1197 1008 et
1228 966 1379 1010 doceri.
1419 971 1560 1025 Atque

170 1036 334 1080 cuinam
366 1048 416 1078 ea
438 1048 535 1078 vera
566 1048 659 1078 esse
689 1047 772 1078 non
803 1034 967 1088 liquet?
999 1033 1133 1077 Nemo
1166 1035 1429 1081 considerate
1457 1042 1557 1095 agit,

172 1106 352 1152 cuinou
385 1105 580 1160 contigit,
620 1109 668 1148 ut
697 1104 835 1148 aliena
866 1107 940 1147 aut
971 1117 1048 1147 sua
1086 1117 1213 1158 opera
1243 1108 1560 1160 perturbatione

171 1176 440 1228 liberaretur,
473 1179 520 1218 ut
553 1175 691 1219 omnia
723 1175 811 1230 eJ'us
841 1174 955 1218 facta
993 1178 1195 1229 tanquam
1228 1189 1278 1220 ex
1308 1183 1487 1234 purgato
1516 1186 1562 1225 et

170 1246 348 1289 lustrato
381 1245 521 1289 animo
561 1248 603 1289 et
635 1259 659 1288 a
690 1245 875 1289 moribus
913 1245 1146 1288 emendat-is
1186 1246 1562 1300 proficiscerentur.

172 1316 272 1368 Quis
305 1319 389 1368 est,
437 1316 508 1369 qui
548 1316 702 1358 liberos
740 1319 906 1358 tantum
948 1315 1301 1360 admonitionibus
1341 1322 1382 1361 et
1412 1321 1560 1373 poenis

170 1385 394 1428 informare
443 1389 484 1428 et
531 1385 717 1429 excolere
748 1385 900 1439 possit,
945 1385 1025 1428 nisi
1064 1385 1106 1428 id
1154 1390 1295 1440 curat,
1341 1392 1388 1432 ut
1433 1391 1561 1435 animi

172 1468 315 1498 eorum
347 1458 389 1498 et
420 1459 581 1498 mentes
613 1455 798 1498 sentiant
829 1459 871 1498 et
901 1459 1130 1509 tangantur
1160 1468 1231 1510 eo,
1263 1458 1375 1511 quod
1406 1458 1561 1505 bonum

172 1529 235 1568 est
275 1529 317 1568 et
362 1526 611 1579 pulchrum?
672 1526 895 1578 Quaelibet
940 1525 1067 1580 igitur
1112 1525 1296 1579 perfecta
1342 1531 1558 1585 tragoedia

172 1594 397 1637 manifesto
439 1595 622 1638 declarat
661 1599 703 1638 et
741 1595 881 1646 docet,
932 1607 1073 1637 veram
1105 1607 1195 1638 esse
1241 1596 1356 1639 illam
1396 1603 1564 1644 senten-

172 1664 297 1718 tiam,
330 1662 368 1708 si
399 1665 492 1720 quis
524 1665 613 1720 ipse
644 1665 724 1709 sibi
757 1665 972 1710 consulere
1002 1665 1123 1719 nolit,
1156 1678 1254 1709 eum
1285 1678 1310 1709 a
1342 1668 1455 1712 nullo
1487 1670 1563 1715 ho-

172 1735 282 1777 mine
314 1735 521 1778 sublevari
555 1739 597 1779 et
628 1749 680 1779 ne
701 1749 726 1778 a
748 1736 825 1779 deo
848 1736 1013 1791 quidem
1036 1735 1212 1779 invitum
1235 1739 1395 1781 servari
1417 1742 1562 1793 posse!

290 1803 387 1849 Jam
421 1805 622 1861 Oedipus,
656 1806 722 1850 cui
755 1810 912 1851 certum
945 1806 1303 1862 deliberatumque
1335 1812 1442 1863 erat,
1486 1810 1566 1855 Co-

171 1875 357 1918 rinthum
394 1889 477 1919 non
515 1881 724 1930 repetere,
758 1876 932 1930 inscius,
966 1889 1047 1930 quo
1080 1876 1176 1929 iret,
1216 1877 1379 1921 Thebas
1417 1893 1562 1926 versus

171 1943 424 1998 properavit..
485 1946 688 2000 Putares,
727 1947 1037 1990 adolescentem
1071 1949 1156 1988 tam
1197 1946 1392 2000 gravibus
1424 1951 1562 1994 verbis

172 2015 388 2065 monitum,
419 2028 526 2069 quae
557 2029 648 2059 sors
680 2029 774 2060 euni
806 2020 1016 2068 maneret,
1049 2014 1086 2058 si
1118 2019 1276 2058 temere
1308 2029 1352 2059 se
1384 2025 1563 2075 gereret,

173 2084 589 2139 circumspectionem
632 2089 675 2129 et
720 2084 982 2140 diligentiam
1038 2085 1080 2128 in
1133 2083 1325 2129 omnibus
1371 2090 1563 2144 negotiis,

172 2154 415 2209 priusquam
454 2156 772 2211 aggrederetur,
813 2154 1096 2200 adhibiturum
1130 2154 1279 2208 fuisse,
1320 2170 1372 2200 ne
1404 2160 1564 2204 scelera

173 2224 352 2268 nefanda
382 2226 435 2269 ab
467 2227 633 2270 oraculo
664 2227 881 2281 praedicta
912 2226 954 2268 in
994 2238 1038 2269 se
1070 2225 1317 2279 conciperet.

290 2294 371 2339 Sed
403 2296 472 2339 ille
516 2295 728 2351 tantisper
759 2297 810 2340 de
842 2309 920 2340 sua
959 2296 1117 2350 origine
1149 2294 1374 2350 sollicitus,
1427 2302 1566 2353 quoad

174 2376 305 2409 vanus
344 2364 523 2422 injuriae
562 2365 889 2422 offcnsionisque
926 2364 1054 2409 animi
1088 2365 1264 2409 acerbae
1305 2369 1563 2425 recordatur,

173 2434 345 2479 deorum
376 2435 539 2480 monitu
570 2436 780 2490 neglecto,
819 2436 886 2479 cui
918 2436 1051 2489 primo
1083 2435 1131 2478 fit
1162 2435 1349 2490 obviam,
1383 2438 1422 2480 ei
1454 2452 1566 2484 mor-

174 2507 258 2548 tem
290 2505 424 2550 infert.
484 2506 610 2561 Isque
649 2509 770 2560 pater
810 2509 876 2549 est
922 2506 1010 2561 ejus
1043 2504 1190 2559 Laius,
1239 2506 1311 2560 qui
1354 2510 1565 2556 nescimus

174 2586 256 2626 qua
293 2577 345 2619 de
384 2590 534 2620 caussa.
571 2575 724 2619 Thebis
764 2575 951 2628 Delphos
992 2575 1239 2630 petebat.⁵¹)
1310 2578 1491 2622 Facinus
1525 2582 1566 2624 id

268 2729 314 2775 ⁵¹)
342 2728 383 2764 O.
410 2728 451 2765 R.
482 2728 546 2764 114
575 2725 736 2774 θεωρὸς,
764 2726 817 2767 ὡς
841 2724 1012 2772 ἔφασκεν,
1041 2724 1219 2775 ἐκδημῶν
1246 2727 1293 2764 V.
1319 2727 1386 2765 733
1411 2742 1490 2777 sqq.

1248 2786 1288 2822 2*
