1776 3214
850 243 912 290 lo

176 402 322 434 omnes
354 390 545 433 veritatis
576 403 773 433 numeros
803 403 888 434 non
919 390 1104 434 continet
1125 394 1168 434 et
1197 389 1241 433 in
1271 392 1396 445 nugis
1425 391 1576 446 agitur,

178 472 447 514 nequaquam
479 462 777 502 commovetur.
787 458 842 513 2ὅ)

294 529 489 583 Denique
526 531 575 571 ut
605 540 881 582 personarum
911 528 1021 571 ratio
1051 528 1095 571 in
1132 528 1358 584 tragoediis
1388 541 1472 571 non
1502 529 1578 572 ab·

176 597 349 641 horreat
369 611 395 641 a
415 597 554 652 poesis
574 597 758 651 ratione,
790 610 840 641 ex
862 610 938 641 suo
970 598 1143 642 arbitrio
1164 597 1342 652 faciant,
1374 598 1576 653 quidquid

178 668 338 720 volunt,
370 667 685 721 concupiscunt,
716 670 860 722 agunt,
889 681 942 710 ne
963 668 1096 711 ullum
1116 667 1273 711 factum
1293 667 1463 711 fortuna
1483 680 1578 711 eve-

178 737 292 780 nisse
321 737 527 780 videatur.
574 736 708 791 Finge
739 736 851 779 enim
881 736 1064 790 aliquem
1096 736 1286 780 alicunde
1317 737 1578 780 decidentem

178 805 352 850 fortuito
383 806 507 850 alteri
536 805 663 849 morti
692 805 843 858 fuisse,
874 810 922 849 ut
951 805 1095 860 tegula
1125 806 1177 849 de
1206 809 1316 850 tecto
1350 806 1506 850 decidit
1536 810 1580 849 et

178 879 519 929 praetereuntem
550 887 851 929 nonnunquam
880 879 1017 917 necat.
1059 875 1170 917 Talis
1202 878 1375 918 eventus
1396 879 1488 918 tum
1507 875 1579 918 de-

179 957 297 988 mum
327 957 353 987 a
383 947 510 999 poeta
541 957 625 988 non
655 944 796 999 inepte
826 943 870 987 in
900 943 1118 999 tragoedia
1147 944 1418 998 tractabitur,
1449 957 1579 999 quum

180 1014 240 1066 is,
272 1014 344 1067 qui
373 1012 534 1056 factum
562 1014 791 1062 commisit,
823 1026 871 1056 eo
904 1013 1273 1056 vehementissime
1308 1013 1579 1067 perturbatus

180 1082 388 1138 opinionis
419 1094 560 1126 errore
599 1081 678 1126 sibi
715 1080 903 1135 finxerit,
949 1081 1111 1127 facinus
1150 1082 1274 1126 vitari
1310 1082 1500 1137 potuisse
1537 1087 1580 1127 et

178 1165 256 1207 per
285 1153 424 1206 ipsum
455 1152 643 1205 stetisse,
691 1152 915 1206 quominus
947 1152 1087 1205 fieret;
1132 1156 1207 1195 aut
1245 1152 1281 1194 si
1321 1165 1369 1195 se
1408 1156 1580 1207 propter

178 1225 359 1265 mortem
397 1221 560 1265 illatam
597 1225 833 1265 monstrum
873 1222 1057 1265 immane
1087 1234 1180 1265 esse
1216 1221 1384 1276 putabit
1420 1226 1464 1265 et
1493 1234 1581 1265 sce-

179 1291 267 1334 lere
289 1291 461 1345 opinato
483 1290 670 1345 agitatus
691 1290 901 1333 immerito
923 1294 966 1333 et
985 1290 1092 1334 falso
1115 1303 1207 1333 sese
1229 1290 1433 1334 cruciabit
1453 1294 1581 1345 atque

176 1359 433 1415 aegritudini
473 1372 694 1414 perperam
741 1360 906 1404 deditus
952 1360 1230 1404 miserrimam
1274 1360 1398 1415 deget
1437 1360 1580 1403 vitam.

180 1429 361 1472 Perinde
392 1441 502 1482 quae
523 1429 785 1472 calamitates
817 1430 991 1473 miseros
1011 1433 1166 1472 vexant
1186 1429 1405 1472 mortales:
1436 1428 1581 1480 fames,

177 1497 289 1550 sitis,
328 1497 518 1550 morbus,
557 1498 684 1550 aliae,
725 1497 947 1541 iisffnullus
977 1511 1103 1542 verus
1133 1501 1280 1551 poeta,
1321 1497 1476 1540 nedum
1506 1496 1582 1540 So-

181 1566 355 1621 phocles
386 1566 429 1609 in
450 1566 705 1620 Philocteta,
737 1570 988 1622 argumento
1020 1580 1121 1610 usus
1143 1570 1209 1610 est
1233 1567 1287 1609 ad
1318 1565 1580 1621 tragoediam

186 1636 519 1691 componendam
542 1640 585 1680 et
606 1637 973 1692 explicandamv)
1014 1636 1103 1681 Nec
1133 1636 1214 1680 nisi
1245 1636 1403 1680 arctior
1433 1639 1476 1680 et
1505 1649 1580 1689 po·
1652 1633 1658 1637 ’

186 1706 345 1749 tentior
376 1706 585 1760 quaedam
616 1707 726 1749 ratio
758 1706 810 1749 iis
832 1719 928 1750 cum
957 1706 1174 1749 hominum
1203 1706 1352 1748 animis
1381 1705 1581 1748 interces-

181 1775 303 1828 serit,
348 1775 429 1818 nisi
471 1775 526 1819 ad
557 1788 629 1819 eos
661 1776 983 1819 commovendos
1023 1775 1411 1830 perturbandosque
1440 1775 1583 1818 value-

181 1844 290 1896 rint,
332 1844 526 1888 idoneam
556 1845 819 1898 praebebunt
848 1845 1087 1897 materiam,
1126 1857 1253 1899 quam
1283 1847 1437 1887 tractet
1467 1847 1510 1887 et
1539 1844 1583 1886 in

278 1993 325 2038 ²⁸³)
350 1993 509 2028 Aristot.
535 1997 633 2040 poet.
668 2005 703 2040 p.
733 1993 841 2038 1469,
875 1994 907 2029 6.
957 1992 1055 2027 ἔστιν
1094 1993 1158 2028 οὖν
1198 1992 1389 2040 τραγῳδία
1429 1993 1585 2039 μίμησις

185 2050 363 2095 πράξεως
398 2050 604 2091 σπουδαίας·
645 2050 703 2085 καὶ
748 2049 912 2091 τελείας,
953 2052 1122 2096 μέγεθος
1166 2050 1343 2098 ἐχούσης,
1387 2050 1582 2097 ἡδοσμένῳ

183 2106 296 2155 λόγῳ,
325 2108 449 2155 χωρὶς
482 2110 642 2143 ἑκάστου
668 2111 739 2143 τῶν
767 2108 876 2143 εἰδῶν
903 2109 941 2142 ἐν
968 2112 1047 2148 τοῖς·
1068 2109 1229 2154 μορίοις,
1256 2108 1429 2154 δρώντων
1455 2108 1511 2142 καὶ
1538 2109 1582 2142 οὐ

183 2163 233 2200 δι’
263 2166 504 2213 ἀπαγγελίας,
531 2165 584 2201 δι’
615 2166 722 2201 ἐλέου
748 2166 805 2201 καὶ
832 2167 958 2212 φόβου
982 2167 1206 2212 περαίνοοσα
1227 2167 1292 2213 τὴν
1312 2168 1383 2200 τῶν
1406 2166 1583 2201 τοιούτων

185 2223 415 2270 παθημάτων
447 2225 704 2270 κάθαρσιν.
754 2225 862 2260 Kock
889 2226 1003 2268 „iiber
1028 2225 1087 2259 die
1112 2224 1396 2260 Aristotelische
1420 2224 1583 2259 Kathar-

184 2281 245 2316 sis.
270 2282 300 2317 Ι.
325 2282 478 2328 Adolph
504 2282 615 2317 Stahr
638 2295 673 2328 p.
700 2282 745 2317 36
771 2294 852 2329 sqq.
878 2283 994 2319 Arist.
1021 2285 1119 2329 poet.
1149 2283 1202 2319 13.

282 2341 328 2386 ²⁷)
354 2341 588 2376 Heinemann
613 2353 648 2387 p.
677 2341 729 2376 10.
753 2342 862 2376 dicit:
889 2342 959 2376 Die
977 2341 1357 2387 Sohiksalstragoedie
1373 2341 1487 2376 leidet
1503 2340 1584 2375 hier

185 2410 233 2432 an
258 2398 473 2433 demselben
506 2398 657 2442 Fehler,
691 2399 763 2435 den
789 2400 856 2435 der
880 2399 1034 2434 Dichter
1058 2399 1225 2445 begehen
1250 2398 1393 2442 wiirde,
1426 2398 1585 2433 welcher

187 2455 246 2489 ein
279 2456 501 2491 natiirliches
536 2456 771 2500 Gebrechen,
804 2457 1014 2499 Blindheit,
1048 2457 1255 2492 Wahnsinn
1287 2456 1379 2492 oder
1412 2455 1486 2501 dgl.
1521 2467 1585 2490 zur

187 2512 314 2554 Quelle
353 2514 562 2558 tragischen
598 2514 757 2549 Leidens
794 2515 950 2550 machte.
1006 2514 1079 2549 Ein
1112 2513 1325 2549 Beinbruoh
1358 2516 1461 2559 passt
1493 2513 1584 2548 dazu

187 2571 283 2605 eben
320 2581 361 2604 so
399 2573 482 2615 gut,
525 2571 592 2606 wie
627 2572 708 2606 eine
743 2572 890 2607 absolut
922 2572 1037 2607 durch
1072 2572 1138 2607 das
1172 2571 1339 2607 Schiksal
1372 2570 1584 2607 bestimmte

186 2628 401 2674 Handlung.
451 2627 501 2663 Es
525 2629 575 2664 ist
603 2641 671 2665 uns
698 2630 947 2676 widerwartig
972 2630 1206 2676 dergleichen
1232 2641 1275 2664 zu
1301 2629 1431 2671 sehen;
1465 2641 1503 2665 es
1530 2642 1584 2665 er-

186 2687 332 2722 scheint
365 2697 433 2721 uns
466 2687 519 2722 als
551 2688 632 2723 eine
664 2679 778 2732 l'eere,
811 2689 902 2724 aller
934 2687 1214 2733 Gerechtigkeit
1247 2688 1358 2723 baare
1391 2688 1584 2724 Gruusam·

187 2745 266 2780 kcit
291 2749 358 2780 etc.
