1776 3214
846 243 910 290 35

183 391 368 445 Oedipus
389 392 645 443 edocuisset,
676 392 783 435 bene
812 390 972 435 factum
1003 404 1114 444 esse,
1146 391 1258 446 quod
1279 390 1412 434 oculis
1443 401 1491 432 se
1512 401 1580 431 or-

182 453 344 514 basset,
381 464 424 504 et
464 464 579 504 sorte
618 473 696 504 sua
726 459 939 514 descripta
968 460 1290 515 imprecationes
1327 460 1372 502 in
1402 471 1448 502 se
1479 471 1577 501 evo-

182 530 379 584 muisset,
420 529 487 584 (V.
520 527 641 572 1346
671 541 779 585 sqq,
828 527 940 571 1358
971 541 1061 584 sqq.
1099 526 1212 570 1374
1244 541 1335 584 sqq.
1369 525 1579 582 1397.)⁸¹)

184 599 321 643 Creon
352 598 522 643 advenit
552 604 614 652 et,
646 603 695 643 ut
723 598 921 652 decebat,
960 599 1254 654 magnanimus
1284 602 1328 642 et
1356 597 1580 641 immemor

183 667 362 723 injuriae
383 672 582 722 acceptae
612 669 774 723 petenti
795 668 955 722 Oedipo
986 668 1030 710 in
1051 667 1244 711 omnibus
1272 667 1398 711 rebus
1418 678 1579 709 morem

182 734 314 790 gerit,
345 749 449 790 quas
480 738 651 781 concedi
675 739 745 792 jus
776 741 820 780 et
848 737 912 779 fas
944 740 1047 780 erat.
1062 736 1115 790 82)

301 806 441 860 Atque
470 806 531 850 ita
560 805 811 850 terminatur
841 805 945 848 haec
975 804 1127 858 fabula,
1158 805 1201 848 in
1232 817 1315 859 qua
1336 806 1464 858 poeta
1494 803 1580 847 ela-

187 875 365 928 boravit,
396 879 444 919 ut
474 876 659 931 Oedipus
689 875 899 920 voluntati
929 875 1102 918 deorum
1122 873 1303 917 libenter
1322 885 1482 916 morem
1511 884 1583 926 ge-

183 956 279 988 rens
310 943 447 1000 iisque
486 945 804 997 reconciliatus,
846 956 976 998 quum
1014 943 1148 986 multa
1190 946 1233 986 et
1270 941 1431 985 atrocia
1468 940 1581 984 mala

184 1026 408 1068 perpessus
440 1018 539 1057 ante
560 1014 877 1057 commissorum
909 1013 1129 1057 criminum
1151 1011 1456 1066 poenitentiam
1480 1023 1579 1065 age·

183 1086 266 1136 ret,-
307 1095 358 1126 ea
394 1083 583 1138 expiaret
621 1095 670 1126 ac
706 1082 913 1137 placaret3
959 1081 1241 1137 probaretque
1278 1080 1381 1124 illud
1411 1077 1581 1123 Solonis

184 1152 353 1203 dictum,
384 1153 496 1205 quod
529 1152 680 1195 chorus
712 1152 756 1195 in
778 1156 966 1195 extrema
985 1151 1128 1194 fabula
1148 1149 1459 1205 pronuntiavit:
1491 1161 1580 1191 om-

187 1221 258 1265 nia
288 1221 472 1265 humana
505 1221 661 1266 caduca
691 1233 770 1265 nec
791 1233 1045 1276 quemquam
1076 1224 1174 1264 ante
1198 1223 1377 1264 mortem
1408 1218 1582 1263 beatum

183 1291 418 1334 vocandum
458 1303 563 1334 esse.
574 1290 627 1345 83)
687 1290 1074 1334 Animadvertimus
1115 1290 1247 1343 enim,
1293 1293 1343 1332 ut
1382 1289 1465 1340 vir,
1507 1287 1581 1341 qui

186 1371 402 1412 nunquam
432 1372 530 1403 vere
558 1360 672 1402 mala
702 1372 751 1403 ac
781 1358 965 1410 funesta,
1005 1360 1133 1403 immo
1164 1372 1263 1403 vero
1293 1358 1406 1402 bona
1442 1361 1486 1400 et
1515 1369 1582 1400 sa-

186 1428 342 1470 lutaria
383 1427 546 1471 civitati
586 1428 760 1472 consilia
795 1429 936 1481 daret,
982 1429 1210 1471 maximam
1254 1431 1420 1481 partem
1464 1425 1582 1468 vitae

185 1495 293 1540 falsa
322 1497 520 1551 opinione
550 1502 664 1541 esset
695 1498 881 1552 imbutus
912 1502 955 1542 et
984 1499 1204 1552 deceptus,
1244 1509 1290 1540 se
1319 1496 1376 1540 ad
1406 1495 1582 1540 deorum

185 1566 445 1610 voluntatem
475 1566 606 1610 vitam
635 1567 889 1622 instituisse,
926 1580 1056 1623 quum
1085 1567 1303 1610 teterrima
1333 1565 1509 1609 crimina
1538 1564 1583 1607 in

187 1648 233 1679 se
264 1636 523 1691 conciperet3
561 1640 689 1692 atque
719 1637 816 1681 inde
847 1637 1083 1693 colligimus
1112 1640 1246 1690 recte,
1277 1636 1330 1679 de
1359 1635 1425 1678 his
1455 1633 1582 1678 rebus

186 1709 332 1748 nostra
368 1705 509 1749 fabula
546 1718 675 1760 quum
714 1707 982 1759 edoceamur,
1023 1706 1253 1758 hominem,
1294 1705 1367 1758 qui
1404 1717 1487 1747 non
1528 1703 1583 1746 sit

185 1787 315 1828 purus
347 1778 390 1817 et
418 1774 592 1830 integer,
625 1788 650 1818 a
673 1775 797 1830 culpa
823 1788 974 1819 vacare
1005 1788 1055 1819 ac
1085 1774 1313 1830 perniciem
1344 1773 1423 1817 sibi
1444 1771 1584 1817 moliri
1622 1799 1625 1802 Δ

186 1856 269 1886 non
300 1856 436 1898 posse.
496 1843 581 1888 Sed
618 1845 796 1889 vidimus
828 1846 975 1897 etiam,
1016 1848 1186 1899 poetam
1222 1857 1249 1887 a
1287 1843 1365 1887 fati
1403 1841 1583 1887 crudelis

186 2005 371 2040 ficiscatnr
396 2008 463 2039 etc.
501 2004 667 2049 Denique
692 2005 892 2049 concludit,
918 2006 1017 2051 quod
1034 2005 1148 2051 ipsius
1166 2004 1290 2040 verbis
1307 2004 1437 2040 referri
1454 2004 1581 2038 liceat:

190 2062 479 2108 Selbstquiilerei
504 2063 557 2098 als
582 2062 705 2098 solche
730 2062 779 2098 ist
805 2063 939 2099 Siinde.
981 2064 1148 2107 Quonam
1173 2074 1217 2099 ea
1240 2062 1364 2099 omnia
1388 2061 1585 2109 spectant?

186 2132 270 2166 pag.
297 2120 328 2155 9.
1173 2157 1177 2160 ,

279 2180 323 2222 ⁸¹)
349 2178 455 2220 Quod
481 2178 642 2225 Oedipus
668 2178 714 2214 de
739 2190 779 2215 se
804 2179 916 2215 dixit:
945 2182 1005 2215 νῦν
1030 2179 1103 2226 γὰρ
1126 2179 1237 2219 κακός
1256 2176 1290 2213 τ’
1312 2178 1362 2212 ὢν
1384 2178 1450 2212 κάκ
1467 2179 1583 2211 κακῶν

191 2235 410 2279 εὑρίσκομαι
432 2236 589 2271 veritate
615 2239 717 2271 caret
741 2240 779 2271 et
804 2237 942 2272 dictum
967 2241 1025 2273 est
1046 2237 1117 2272 viri
1133 2236 1413 2283 perturbatione
1428 2235 1584 2270 incitati.

187 2292 377 2339 Antigone
409 2304 452 2328 ea
484 2294 628 2329 refellit.
679 2293 732 2331 Of.
767 2294 1023 2331 Schneidewin
1055 2295 1194 2342 Einltg.
1227 2307 1257 2332 z.
1282 2294 1329 2330 K.
1357 2294 1396 2330 Τ.
1423 2313 1469 2319 -
1493 2293 1583 2328 Ber-

187 2351 346 2396 genroth
373 2363 407 2397 p.
434 2351 489 2386 21.

282 2410 326 2453 ⁸²)
353 2409 395 2445 O.
421 2408 465 2444 R.
494 2409 583 2444 1436
608 2420 687 2455 sqq.
729 2409 771 2445 Ο.
796 2409 834 2444 G.
862 2410 931 2445 457
956 2421 1035 2456 sqq.
1062 2410 1130 2445 766
1156 2421 1235 2456 sqq.
1276 2410 1394 2452 Quum
1420 2408 1583 2454 Oedipus

188 2478 210 2500 a
234 2464 394 2502 Creonte
420 2469 582 2513 peteret,
622 2472 663 2502 ut
688 2467 814 2502 statim
839 2468 877 2502 in
902 2468 1071 2504 exsilium
1095 2468 1323 2511 mitteretur,
1349 2467 1408 2502 hic.
1433 2477 1585 2512 respon-

187 2524 261 2567 dit,
288 2536 327 2560 se
354 2525 390 2560 ei
412 2536 551 2560 morem
577 2528 784 2571 gesturum,
817 2525 848 2560 si
873 2526 941 2570 dii,
976 2537 1068 2572 quos
1093 2527 1226 2561 iterum
1252 2525 1298 2560 de
1324 2536 1367 2561 ea
1392 2537 1431 2560 re
1456 2536 1585 2560 consu-

188 2581 334 2626 luisset,
360 2583 402 2618 id
426 2582 506 2618 fieri
517 2582 702 2628 juberent.
736 2583 880 2618 Deinde
897 2583 1018 2620 Creon
1035 2584 1178 2630 petenti
1195 2583 1397 2630 promittit,
1423 2595 1461 2619 se
1478 2583 1585 2618 funus

188 2642 357 2675 mortuae
374 2641 519 2677 Iocaste
536 2641 717 2676 facturum
734 2644 771 2677 et
783 2640 893 2677 saluti
909 2642 1066 2678 filiarum
1083 2642 1344 2679 consulturum.
1370 2641 1417 2677 V.
1436 2641 1586 2678 Schnei-

189 2698 331 2742 dewin,
357 2711 391 2744 p.
421 2699 474 2736 15.

283 2757 331 2800 ⁸³)
357 2756 398 2790 Ο.
425 2757 467 2791 R.
498 2756 586 2792 1528
611 2768 689 2803 sqq.
