1776 3214
831 288 894 336 27

166 440 243 484 bus
274 438 435 494 injuriis
458 439 805 494 contumeliisque
835 442 994 483 onerat.
1005 439 1057 494 ⁶⁹)
1089 439 1180 492 Quo
1211 437 1321 482 facto
1353 438 1422 482 ille
1454 452 1558 493 quo-

166 521 247 565 que
269 508 504 552 vehementi
525 508 588 551 ira
609 509 884 553 exacerbatus
905 509 1221 563 maledictisque
1242 508 1461 552 immeritis
1494 508 1557 551 in·

165 591 315 623 census
345 590 392 621 os
424 578 549 622 solvit
578 578 622 621 in
652 578 848 622 vaticinia
879 582 922 622 et
952 579 1159 633 Oedipum
1186 579 1296 632 Laii,
1328 579 1460 633 patris
1493 578 1558 623 sui

164 647 473 692 interfectorem
496 652 539 692 et
566 648 714 692 matris
736 649 952 704 conjugem
973 652 1200 703 nuncupat.
1240 649 1395 691 Mirum
1426 661 1558 703 quan-

164 723 254 761 tum
291 718 395 761 haec
431 717 592 761 fervida
633 718 871 773 alacrisque
912 731 1004 761 cum
1046 718 1204 761 Tiresia
1244 718 1394 772 Oedipi
1432 718 1558 761 collo-

163 788 275 832 cutio
308 791 504 832 naturam
534 788 832 843 ingeniumque
852 789 963 843 regis
986 788 1177 841 nudavit,
1209 788 1301 842 qui,
1333 801 1461 842 quum
1484 801 1556 831 va-

162 862 226 902 tes
264 858 518 902 mentionem
558 861 779 913 parentum
817 859 905 914 ejus
936 858 1163 911 intulisset,
1210 858 1334 912 quasi
1366 861 1455 900 tum
1486 858 1556 902 de-

163 941 276 977 nium
316 929 370 972 ad
410 941 454 973 se
494 929 651 973 rediret
687 941 817 984 seque
854 929 1085 984 colligeret,
1125 942 1238 982 euni,
1278 941 1402 982 quem
1432 929 1556 972 modo

162 999 436 1043 vaticinatum
467 1000 708 1054 injuriosius
730 1003 1010 1053 tractaverat,
1043 1013 1124 1054 quo
1146 1003 1266 1054 patre
1289 1003 1399 1042 esset
1419 1005 1555 1053 natus,

162 1068 370 1113 desiderio
398 1070 580 1125 quodam
608 1069 770 1125 ingenti
798 1069 993 1114 incensus
1024 1070 1308 1125 interrogavit.
1319 1069 1371 1124 69)
1408 1070 1557 1113 Nonne

161 1152 211 1182 ea
242 1137 526 1183 sciscitatione
557 1140 879 1193 demonstravit,
922 1143 1182 1194 quantopere
1213 1139 1477 1183 dubitatione
1513 1140 1557 1182 in

163 1222 213 1252 ea
244 1222 290 1253 re
332 1222 464 1264 usque
495 1210 745 1253 vexaretur?
791 1211 893 1253 Tum
927 1210 1076 1253 chorus
1108 1209 1160 1264 (v.
1192 1206 1465 1263 461—507.)
1496 1209 1558 1265 ulf

159 1279 276 1321 tricis
309 1279 481 1321 deorum
522 1280 738 1333 potentiae
769 1292 845 1322 nec
875 1280 1103 1333 quidquam
1135 1291 1206 1321 eos
1245 1279 1440 1333 ignorare
1471 1291 1556 1321 me-

158 1347 292 1392 minit.
353 1348 554 1392 Tiresiam
587 1348 755 1404 quidem
790 1347 1002 1393 offendere
1040 1360 1122 1392 non
1161 1348 1290 1392 habet
1320 1348 1361 1391 in
1393 1348 1557 1401 ani1n03

158 1419 291 1474 magis
322 1424 465 1463 tamen
496 1420 551 1463 ad
583 1419 793 1474 Oedipum
832 1432 877 1463 se
913 1419 1104 1472 inclinat,
1152 1431 1276 1473 quem
1314 1419 1553 1484 benignum,

158 1489 376 1533 liberalem
415 1490 676 1545 libenterque
716 1503 839 1545 opem
869 1489 977 1533 ferre
1008 1493 1274 1545 cognoverat.

271 1560 419 1614 Itaque
450 1560 517 1604 hic
548 1572 731 1614 quoque,
780 1564 828 1603 ut
859 1560 1001 1604 multis
1041 1560 1132 1603 aliis
1164 1559 1284 1612 locis,
1335 1571 1418 1602 non
1451 1563 1550 1612 tam,

156 1642 265 1684 quae
295 1634 421 1684 poeta
460 1630 589 1673 sent-it
626 1632 676 1674 et'
699 1629 876 1685 cogitat,
918 1630 1068 1673 chorus
1101 1628 1312 1684 eloquitur
1342 1642 1478 1684 neque
1510 1629 1551 1673 id

156 1700 391 1753 praedicat,
423 1700 534 1754 quod
564 1704 716 1754 poetae
747 1713 891 1743 verum
919 1713 1012 1744 esse
1044 1700 1225 1752 videtur,
1253 1712 1378 1753 quam
1411 1700 1553 1753 populi

155 1768 297 1824 potius
327 1769 415 1813 vice
446 1769 634 1826 fungitur
665 1773 708 1813 et
737 1770 797 1814 ita
818 1773 882 1814 est
912 1782 1054 1824 verus,
1085 1772 1133 1813 ut
1163 1767 1266 1812 illud
1288 1782 1433 1813 verum
1466 1772 1553 1813 est:

154 1840 247 1883 Vox
277 1840 442 1894 populi,
475 1853 553 1883 vox
585 1841 665 1884 dei.

272 1909 409 1961 Quum
456 1909 610 1953 chorus
652 1910 741 1965 jam
790 1909 1120 1963 decantavisset,
1183 1908 1318 1952 Creon
1360 1909 1461 1952 exiit
1503 1921 1552 1952 ex

158 1979 352 2032 aedibus3
385 1983 427 2023 et
459 1979 606 2023 audita
638 1980 950 2033 criminatione,
998 1993 1082 2034 qua
1123 1980 1165 2023 in
1204 1980 1421 2022 absentem
1452 1992 1552 2022 usus

159 2052 251 2092 erat
282 2049 488 2104 Oedipus,
519 2062 663 2107 regem
694 2050 784 2105 ipse
816 2050 1023 2094 atrocium
1056 2049 1275 2094 criminum
1315 2049 1552 2093 teterrimo-

154 2132 333 2174 rumque
383 2119 615 2164 facinorum
662 2124 809 2175 aperte
861 2125 1047 2165 accusat.
1123 2121 1240 2164 Idem
1289 2120 1420 2163 fretus
1474 2133 1551 2163 sua

152 2187 412 2240 innocentia,
445 2203 574 2245 quum
606 2203 657 2235 ex
688 2191 812 2235 choro
846 2203 915 2245 ea,
948 2204 1056 2246 quae
1087 2190 1346 2244 acciderant,
1379 2184 1550 2244 percon-

152 2262 332 2310 taretur,
355 2259 409 2314 (v.
431 2258 695 2317 503—626.)
723 2274 749 2305 a
770 2274 868 2317 rege
890 2274 940 2305 ex
962 2261 1135 2305 aedibus
1159 2274 1326 2305 reverso
1349 2260 1548 2316 gravissi-

247 2373 293 2420 08)
320 2385 353 2410 v.
380 2372 449 2409 347
475 2385 554 2421 sqq.

842 2422 919 2458 ἴσθι
944 2422 1016 2469 γὰρ
1044 2424 1160 2458 0026»
1189 2423 1270 2466 ἐμοὶ

358 2478 414 2514 καὶ
441 2479 696 2525 ξυμφυτεῦσαι
723 2480 894 2527 τοῦργον,
921 2482 1120 2527 εἰργάσθαι
1148 2480 1186 2516 r‘f'
1216 2483 1302 2515 ὅσον

355 2539 405 2584 μὴ
427 2537 538 2585 χερσὶ
564 2539 715 2573 καίνων·
743 2539 774 2573 εὶ
802 2537 836 2573 δ’
868 2540 1070 2587 ἐτύγχανες
1092 2540 1238 2585 βλέπων

357 2595 414 2629 καὶ
441 2595 600 2642 τοῦργον
627 2595 671 2631 ἄν
697 2600 765 2631 σοῦ
791 2595 892 2632 τοῦτ’
924 2597 1016 2645 ἔφην
1044 2598 1134 2632 εἶναι
1161 2599 1291 2641 μόνου.

149 2652 210 2688 Ad
244 2665 337 2698 quae
370 2654 563 2691 adnotavit
586 2658 685 2691 recte
710 2655 947 2702 Hagemann:
982 2667 1201 2703 quamquam
1228 2658 1325 2693 enim
1351 2658 1549 2705 ignorabat

150 2722 314 2746 caussam
341 2712 478 2748 silentii
504 2713 681 2759 Tiresiae,
708 2718 831 2750 tamen
857 2714 894 2749 in
918 2715 995 2761 ejus
1013 2715 1200 2762 probitate
1216 2719 1359 2752 tantam
1377 2717 1546 2752 fiduciam

150 2769 366 2806 collocatam
392 2771 521 2808 debuit
545 2772 701 2819 habere,
727 2776 769 2809 ut
794 2784 868 2811 non
893 2773 967 2810 vim
994 2774 1027 2810 ei
1053 2774 1216 2810 adferret
1241 2778 1308 2812 etc.
1335 2787 1369 2822 p.
1399 2774 1451 2812 18.

243 2827 289 2874 ⁶⁹)
317 2828 362 2865 V.
389 2829 458 2865 436
484 2841 562 2877 sqq.
