1776 3214
846 241 923 288 ἱ12

188 389 375 442 tulisset,
422 388 639 433 oraculum
679 388 930 444 Delphicum
970 389 1077 432 adiit
1116 401 1449 444 responsumque
1492 389 1592 432 abs-

188 460 306 503 tulit:
353 459 508 502 Filium
547 458 791 502 habiturum
831 469 941 512 esse,
980 458 1016 501 si
1046 459 1193 512 vellet,
1224 459 1298 502 sed
1329 459 1383 502 ab
1415 459 1486 502 illo
1517 471 1590 501 ne-

191 532 335 572 catum
365 527 438 582 iri;
469 528 532 572 ita
563 529 674 571 enim
695 528 845 571 Jovem
867 528 1136 572 constituisse
1157 528 1348 583 precibus
1377 531 1420 571 et
1439 528 1592 583 impre-

190 598 425 641 cationibus
448 598 616 651 Pelopis
649 598 891 641 adductum.
932 598 1054 649 Quod
1085 610 1230 651 preces
1250 597 1591 652 imprecationes-

190 679 271 721 que
293 666 460 720 Pelopis
491 665 685 710 efficaces
715 666 906 719 fuerunt,
938 667 1035 710 inde
1065 667 1120 710 ad
1150 667 1485 710 adversariorum
1514 678 1590 709 no-

190 740 395 788 strorum,
428 736 501 791 qui
521 736 657 779 fatum
679 749 850 781 caecum
873 750 965 780 esse
986 737 1307 790 contenderunt,
1339 736 1591 779 sententiam

189 805 451 860 probandam
490 810 740 861 argumenta
778 806 1024 860 neutiquam
1072 805 1166 849 duci
1215 817 1342 860 posse
1385 805 1590 848 videntur.

189 876 301 919 Nam
338 875 373 918 si
404 874 537 918 Laius
574 875 795 930 religiosus
833 875 1012 929 piusque
1051 874 1201 918 fuisset
1248 879 1292 918 et
1330 874 1589 917 credidisset.

188 957 344 987 numen
377 947 493 987 certa
532 944 626 998 lege
665 948 708 987 et
736 943 901 987 ratione
934 944 1135 987 mundum
1164 943 1481 995 administrare,
1519 955 1592 984 vo-

188 1014 352 1056 luntate
383 1026 460 1056 sua
489 1013 622 1056 libera
652 1011 728 1055 fati
748 1013 1041 1056 necessitatem
1062 1013 1284 1066 placasset.
1296 1010 1348 1066 ³²)
1382 1012 1466 1055 Sed
1496 1012 1590 1055 vio-

187 1083 327 1127 lentus
359 1086 402 1127 et
430 1082 761 1126 inconsideratus
792 1082 955 1137 respuit
991 1082 1134 1125 divina
1172 1082 1333 1125 monita
1362 1081 1416 1137 {et
1451 1081 1591 1125 libidi-

189 1165 314 1205 noso,
361 1156 409 1195 ut
445 1151 657 1206 mythicae
697 1151 851 1195 docent
886 1150 1073 1204 fabulae,
1120 1164 1263 1194 amore
1302 1155 1421 1195 actus
1454 1151 1592 1194 ebrius

191 1221 417 1264 concubuit
447 1234 544 1264 cum
573 1221 742 1263 Iocaste
772 1221 1019 1274 peperitque
1039 1221 1289 1273 patricidam
1310 1221 1527 1274 Oedipum.
1539 1220 1592 1274 ³³)

190 1290 285 1342 Quo
316 1289 446 1341 facto,
478 1289 678 1343 quoniam

608 1357 653 1397 τὺ
686 1355 897 1409 ὂυςσεβὲς
1017 1354 1145 1411 ἔργον

608 1422 716 1478 μετὰ
745 1422 826 1478 μὲν
845 1422 1024 1479 πλείονα
1055 1425 1177 1464 τίκτει

613 1490 806 1548 σφετέρᾳ
836 1489 1023 1532 ὃέἷκότα
1053 1490 1194 1549 γέννᾳ,
1207 1492 1260 1547 ³4)

193 1564 242 1604 ut
271 1560 503 1615 periculum
544 1573 571 1603 a
600 1559 687 1603 fato
725 1560 969 1615 impendens
1002 1564 1211 1605 averteret
1242 1564 1285 1604 et
1315 1561 1591 1616 propulsaret,

188 1631 279 1685 Jam
309 1631 400 1673 sine
431 1642 549 1672 mora
581 1630 769 1672 animum
798 1630 962 1673 induxit
991 1634 1235 1684 perpetrare
1265 1630 1428 1673 facinus
1458 1634 1592 1683 atrox,

193 1700 306 1753 quod
336 1712 421 1742 non
452 1699 589 1742 solum
609 1702 751 1753 patres
781 1699 1107 1753 perhorrescunt
1137 1700 1214 1743 sed
1234 1712 1379 1743 omnes
1401 1699 1592 1743 homines

193 1770 459 1812 detestantur
490 1773 533 1812 et
553 1772 845 1812 exsecrantur:
877 1769 1117 1812 sublaturus
1149 1773 1241 1812 erat
1272 1783 1294 1812 e
1325 1770 1463 1812 medio
1491 1782 1593 1823 pue·

189 1852 304 1890 rum,
337 1851 462 1892 quem
494 1851 545 1881 ex
573 1851 705 1881 uxore
736 1839 883 1881 tollere
913 1842 1002 1881 tam
1024 1839 1221 1882 ardenter
1242 1839 1471 1892 cupiverat.
1513 1839 1590 1881 At-

191 1911 336 1950 tamen
354 1911 551 1950 aestuans
567 1907 830 1950 dubitatione
844 1911 919 1949 aut
934 1907 1112 1961 ignavia,
1130 1920 1237 1961 quae
1252 1908 1492 1950 humanitas
1509 1920 1593 1950 non

193 1979 259 2019 est
286 1976 500 2028 habenda,
530 1979 721 2019 retentus
749 1979 824 2018 aut
843 1976 1057 2030 religionis
1086 1976 1237 2019 timore
1258 1977 1431 2019 territus
1453 1976 1507 2019 ab
1528 1976 1593 2018 in-

193 2048 318 2098 cepto
339 2044 518 2087 recessit
537 2058 615 2088 nec
636 2044 726 2098 ipse
746 2057 924 2099 puerum
946 2045 1121 2098 necavit,
1143 2043 1218 2088 sed
1239 2058 1265 2088 a
1285 2045 1441 2088 famulo
1462 2045 1591 2088 inter-

189 2113 260 2157 fici
283 2114 420 2168 jussit.
431 2114 483 2168 ³⁵)
541 2114 633 2165 Qua
663 2127 709 2157 re
743 2127 899 2157 novum
932 2114 1089 2156 crimen
1119 2114 1345 2166 commisit,
1382 2114 1593 2156 innocenti

189 2183 293 2235 viro,
325 2183 395 2236 qui
426 2182 609 2226 famulus
630 2183 744 2228 dicto
765 2195 914 2237 parere
935 2181 1128 2234 debebat,
1158 2183 1375 2226 inhumani
1397 2182 1593 2226 facinoris

192 2330 330 2376 Apollo
362 2342 405 2364 zu
438 2330 654 2373 motiviren,
690 2331 773 2366 dem
808 2331 919 2376 Lajus
955 2331 1014 2366 die
1047 2331 1284 2376 Entffihrung
1315 2331 1391 2365 und
1415 2330 1591 2365 Knaben-

191 2388 409 2432 schandung
432 2387 497 2421 des
523 2387 752 2433 Chrysippus
778 2389 907 2423 sohuld
932 2389 1119 2434 gegeben,
1144 2388 1321 2424 wodurch
1347 2399 1387 2422 er
1411 2387 1489 2421 sich
1518 2387 1590 2421 den

194 2445 308 2480 Fluch
334 2445 469 2491 Pelops
495 2456 715 2491 zugezogen.

288 2504 334 2547 ³²)
362 2503 433 2539 Cic.
461 2502 505 2538 de
530 2504 606 2539 fato
635 2504 694 2546 11,
723 2503 777 2539 25.

288 2561 335 2606 ³³)
363 2560 403 2594 O.
429 2561 470 2595 R.
497 2561 575 2596 793.
601 2561 669 2596 826
696 2573 748 2606 sq.
776 2574 806 2598 a.
832 2562 854 2597 l.
878 2562 1055 2608 Apollod.
1073 2562 1169 2599 Bibl.
1187 2561 1345 2606 111,5.7
1362 2573 1416 2607 sq.
1443 2560 1591 2597 Schnei-

192 2619 316 2654 dewin
342 2618 517 2663 Einleitg.
543 2632 570 2653 z.
596 2620 722 2664 Konig
748 2619 923 2666 Oedipus.

289 2676 336 2721 ³⁴)
363 2676 556 2721 Agamem.
585 2689 618 2712 v.
645 2677 712 2712 728
738 2689 817 2723 sqq.

288 2736 334 2779 ³⁵)
362 2734 402 2768 O.
430 2733 472 2767 R.
502 2733 591 2768 1178
616 2746 693 2779 sqq.
720 2735 783 2769 Ι711
814 2746 892 2780 sqq.
